<?xml version="1.0" encoding="UTF-8"?>
<!DOCTYPE html PUBLIC "-//W3C//DTD XHTML 1.0 Transitional//EN"
    "http://www.w3.org/TR/xhtml1/DTD/xhtml1-transitional.dtd">
<html xmlns="http://www.w3.org/1999/xhtml" xml:lang="en" lang="en">
 <head>
  <title>
</title>
<meta http-equiv="Content-Type" content="text/html;charset=utf-8" />
  <meta name='ocr-system' content='tesseract 3.04.00' />
  <meta name='ocr-capabilities' content='ocr_page ocr_carea ocr_par ocr_line ocrx_word'/>
</head>
<body>
  <div class='ocr_page' id='page_1' title='image "./canterburyandyo01socigoog_0147.png"; bbox 0 0 3619 5868; ppageno 0'>
   <div class='ocr_carea' id='block_1_1' title="bbox 1177 533 2823 613">
    <p class='ocr_par' dir='ltr' id='par_1_1' title="bbox 1177 533 2823 613">
     <span class='ocr_line' id='line_1_1' title="bbox 1177 533 2823 613; baseline 0.002 -20"><span class='ocrx_word' id='word_1_1' title='bbox 1177 533 1478 613; x_wconf 79' lang='lat' dir='ltr'><em>Episcopi</em></span> <span class='ocrx_word' id='word_1_2' title='bbox 1529 534 1602 593; x_wconf 87' lang='lat' dir='ltr'><strong><em>H</em></strong></span> <span class='ocrx_word' id='word_1_3' title='bbox 1598 534 2011 613; x_wconf 65' lang='lat' dir='ltr'>ereforden-3133.</span> <span class='ocrx_word' id='word_1_4' title='bbox 2648 607 2658 613; x_wconf 51' lang='grc'><strong>,</strong></span> <span class='ocrx_word' id='word_1_5' title='bbox 2743 538 2823 597; x_wconf 84' lang='grc'>55</span> 
     </span>
    </p>
   </div>
   <div class='ocr_carea' id='block_1_2' title="bbox 353 758 2828 920">
    <p class='ocr_par' dir='ltr' id='par_1_2' title="bbox 353 758 2828 920">
     <span class='ocr_line' id='line_1_2' title="bbox 353 758 2828 840; baseline 0 -19"><span class='ocrx_word' id='word_1_6' title='bbox 353 760 601 821; x_wconf 74' lang='lat' dir='ltr'>Details</span> <span class='ocrx_word' id='word_1_7' title='bbox 642 760 714 839; x_wconf 88' lang='lat' dir='ltr'>of</span> <span class='ocrx_word' id='word_1_8' title='bbox 763 760 860 821; x_wconf 70' lang='lat' dir='ltr'>the</span> <span class='ocrx_word' id='word_1_9' title='bbox 893 759 1286 839; x_wconf 75' lang='lat' dir='ltr'>proceedinqs</span> <span class='ocrx_word' id='word_1_10' title='bbox 1327 758 1400 818; x_wconf 79' lang='lat' dir='ltr'>in</span> <span class='ocrx_word' id='word_1_11' title='bbox 1455 759 1552 819; x_wconf 76' lang='lat' dir='ltr'>the</span> <span class='ocrx_word' id='word_1_12' title='bbox 1609 759 1772 829; x_wconf 74' lang='lat' dir='ltr'>Suit,</span> <span class='ocrx_word' id='word_1_13' title='bbox 1815 759 1968 819; x_wconf 77' lang='lat' dir='ltr'>with</span> <span class='ocrx_word' id='word_1_14' title='bbox 2012 759 2108 819; x_wconf 70' lang='lat' dir='ltr'>the</span> <span class='ocrx_word' id='word_1_15' title='bbox 2150 759 2623 838; x_wconf 73' lang='lat' dir='ltr'>adjournnwnts,</span> <span class='ocrx_word' id='word_1_16' title='bbox 2657 766 2828 840; x_wconf 80' lang='lat' dir='ltr'>jrom</span> 
     </span>
     <span class='ocr_line' id='line_1_3' title="bbox 601 840 2029 920; baseline -0.001 -19"><span class='ocrx_word' id='word_1_17' title='bbox 601 842 933 902; x_wconf 78' lang='lat' dir='ltr'><em>November</em></span> <span class='ocrx_word' id='word_1_18' title='bbox 975 841 1076 901; x_wconf 75' lang='lat' dir='ltr'>till</span> <span class='ocrx_word' id='word_1_19' title='bbox 1119 840 1216 901; x_wconf 79' lang='lat' dir='ltr'>the</span> <span class='ocrx_word' id='word_1_20' title='bbox 1243 840 1564 920; x_wconf 57' lang='lat' dir='ltr'>following</span> <span class='ocrx_word' id='word_1_21' title='bbox 1607 840 2029 901; x_wconf 79' lang='lat' dir='ltr'>Michaelmas.</span> 
     </span>
    </p>
   </div>
   <div class='ocr_carea' id='block_1_3' title="bbox 353 1031 2823 1325">
    <p class='ocr_par' dir='ltr' id='par_1_3' title="bbox 353 1031 2823 1325">
     <span class='ocr_line' id='line_1_4' title="bbox 522 1031 2823 1095; baseline 0.001 -3"><span class='ocrx_word' id='word_1_22' title='bbox 522 1031 1060 1094; x_wconf 64' lang='lat' dir='ltr'>Hsnsssonmmsm</span> <span class='ocrx_word' id='word_1_23' title='bbox 1119 1032 1620 1095; x_wconf 71' lang='lat' dir='ltr'>Essou1uu.—A</span> <span class='ocrx_word' id='word_1_24' title='bbox 1677 1032 1776 1092; x_wconf 84' lang='lat' dir='ltr'>die</span> <span class='ocrx_word' id='word_1_25' title='bbox 1837 1032 2053 1093; x_wconf 88' lang='lat' dir='ltr'>Sancti</span> <span class='ocrx_word' id='word_1_26' title='bbox 2110 1032 2371 1093; x_wconf 86' lang='lat' dir='ltr'>Martini</span> <span class='ocrx_word' id='word_1_27' title='bbox 2428 1034 2493 1093; x_wconf 90' lang='lat' dir='ltr'>in</span> <span class='ocrx_word' id='word_1_28' title='bbox 2551 1053 2631 1094; x_wconf 83' lang='lat' dir='ltr'>xv</span> <span class='ocrx_word' id='word_1_29' title='bbox 2688 1034 2823 1095; x_wconf 84' lang='lat' dir='ltr'>dies</span> 
     </span>
     <span class='ocr_line' id='line_1_5' title="bbox 356 1137 2823 1217; baseline 0 -17"><span class='ocrx_word' id='word_1_30' title='bbox 356 1138 682 1200; x_wconf 86' lang='lat' dir='ltr'>Gilbertus</span> <span class='ocrx_word' id='word_1_31' title='bbox 740 1138 816 1198; x_wconf 86' lang='lat' dir='ltr'>de</span> <span class='ocrx_word' id='word_1_32' title='bbox 872 1137 1053 1199; x_wconf 87' lang='lat' dir='ltr'>Clare</span> <span class='ocrx_word' id='word_1_33' title='bbox 1101 1156 1322 1199; x_wconf 83' lang='lat' dir='ltr'>versus</span> <span class='ocrx_word' id='word_1_34' title='bbox 1378 1137 1686 1197; x_wconf 82' lang='lat' dir='ltr'>Thomam</span> <span class='ocrx_word' id='word_1_35' title='bbox 1737 1137 2126 1217; x_wconf 82' lang='lat' dir='ltr'><strong>Episcopum</strong></span> <span class='ocrx_word' id='word_1_36' title='bbox 2174 1138 2700 1200; x_wconf 80' lang='lat' dir='ltr'>Herefordensem</span> <span class='ocrx_word' id='word_1_37' title='bbox 2744 1139 2823 1201; x_wconf 89' lang='lat' dir='ltr'>de</span> 
     </span>
     <span class='ocr_line' id='line_1_6' title="bbox 353 1243 1109 1325; baseline -0.003 -21"><span class='ocrx_word' id='word_1_38' title='bbox 353 1244 588 1325; x_wconf 87' lang='lat' dir='ltr'>placito</span> <span class='ocrx_word' id='word_1_39' title='bbox 630 1243 863 1305; x_wconf 88' lang='lat' dir='ltr'>Chacie</span> <span class='ocrx_word' id='word_1_40' title='bbox 904 1243 1109 1323; x_wconf 87' lang='lat' dir='ltr'>perdit</span> 
     </span>
    </p>
   </div>
   <div class='ocr_carea' id='block_1_4' title="bbox 522 1402 2358 1484">
    <p class='ocr_par' dir='ltr' id='par_1_4' title="bbox 522 1402 2358 1484">
     <span class='ocr_line' id='line_1_7' title="bbox 522 1402 2358 1484; baseline 0.001 -21"><span class='ocrx_word' id='word_1_41' title='bbox 522 1404 676 1465; x_wconf 84' lang='lat' dir='ltr'>Dies</span> <span class='ocrx_word' id='word_1_42' title='bbox 707 1424 746 1465; x_wconf 89' lang='lat' dir='ltr'>a</span> <span class='ocrx_word' id='word_1_43' title='bbox 772 1402 872 1464; x_wconf 86' lang='lat' dir='ltr'>die</span> <span class='ocrx_word' id='word_1_44' title='bbox 903 1402 1118 1464; x_wconf 88' lang='lat' dir='ltr'>Sancti</span> <span class='ocrx_word' id='word_1_45' title='bbox 1155 1402 1404 1463; x_wconf 86' lang='lat' dir='ltr'>Hillarii</span> <span class='ocrx_word' id='word_1_46' title='bbox 1435 1404 1500 1462; x_wconf 92' lang='lat' dir='ltr'>in</span> <span class='ocrx_word' id='word_1_47' title='bbox 1531 1423 1613 1462; x_wconf 85' lang='lat' dir='ltr'>xv</span> <span class='ocrx_word' id='word_1_48' title='bbox 1642 1402 1796 1475; x_wconf 87' lang='lat' dir='ltr'>dies,</span> <span class='ocrx_word' id='word_1_49' title='bbox 1830 1402 2207 1484; x_wconf 88' lang='lat' dir='ltr'>ubicunque,</span> <span class='ocrx_word' id='word_1_50' title='bbox 2240 1409 2358 1465; x_wconf 86' lang='lat' dir='ltr'>etc.</span> 
     </span>
    </p>
   </div>
   <div class='ocr_carea' id='block_1_5' title="bbox 354 1559 2823 2170">
    <p class='ocr_par' dir='ltr' id='par_1_5' title="bbox 354 1559 2823 2170">
     <span class='ocr_line' id='line_1_8' title="bbox 523 1559 2820 1638; baseline 0 -18"><span class='ocrx_word' id='word_1_51' title='bbox 523 1563 574 1620; x_wconf 89' lang='lat' dir='ltr'>A</span> <span class='ocrx_word' id='word_1_52' title='bbox 632 1560 732 1620; x_wconf 83' lang='lat' dir='ltr'>die</span> <span class='ocrx_word' id='word_1_53' title='bbox 792 1560 1009 1621; x_wconf 85' lang='lat' dir='ltr'>Sancti</span> <span class='ocrx_word' id='word_1_54' title='bbox 1071 1559 1323 1619; x_wconf 88' lang='lat' dir='ltr'>Hillarii</span> <span class='ocrx_word' id='word_1_55' title='bbox 1380 1559 1443 1618; x_wconf 91' lang='lat' dir='ltr'>in</span> <span class='ocrx_word' id='word_1_56' title='bbox 1502 1579 1584 1620; x_wconf 85' lang='lat' dir='ltr'>xv</span> <span class='ocrx_word' id='word_1_57' title='bbox 1635 1559 1767 1619; x_wconf 88' lang='lat' dir='ltr'>dies</span> <span class='ocrx_word' id='word_1_58' title='bbox 1832 1560 2001 1638; x_wconf 88' lang='lat' dir='ltr'>apud</span> <span class='ocrx_word' id='word_1_59' title='bbox 2058 1559 2463 1638; x_wconf 89' lang='lat' dir='ltr'>Wygorniam</span> <span class='ocrx_word' id='word_1_60' title='bbox 2524 1560 2820 1633; x_wconf 82' lang='lat' dir='ltr'>Thomas,</span> 
     </span>
     <span class='ocr_line' id='line_1_9' title="bbox 357 1663 2822 1744; baseline 0 -19"><span class='ocrx_word' id='word_1_61' title='bbox 357 1666 713 1744; x_wconf 81' lang='lat' dir='ltr'>Episcopus</span> <span class='ocrx_word' id='word_1_62' title='bbox 783 1663 1290 1736; x_wconf 81' lang='lat' dir='ltr'>Herefordensis,</span> <span class='ocrx_word' id='word_1_63' title='bbox 1364 1664 1594 1743; x_wconf 87' lang='lat' dir='ltr'>optulit</span> <span class='ocrx_word' id='word_1_64' title='bbox 1667 1682 1733 1724; x_wconf 89' lang='lat' dir='ltr'>se</span> <span class='ocrx_word' id='word_1_65' title='bbox 1795 1684 2014 1725; x_wconf 87' lang='lat' dir='ltr'>versus</span> <span class='ocrx_word' id='word_1_66' title='bbox 2072 1664 2425 1725; x_wconf 85' lang='lat' dir='ltr'>Gilbertum</span> <span class='ocrx_word' id='word_1_67' title='bbox 2483 1665 2561 1726; x_wconf 88' lang='lat' dir='ltr'>de</span> <span class='ocrx_word' id='word_1_68' title='bbox 2618 1665 2822 1739; x_wconf 84' lang='lat' dir='ltr'>Clare,</span> 
     </span>
     <span class='ocr_line' id='line_1_10' title="bbox 358 1770 2823 1849; baseline 0.001 -17"><span class='ocrx_word' id='word_1_69' title='bbox 358 1772 668 1833; x_wconf 85' lang='lat' dir='ltr'>Comitem</span> <span class='ocrx_word' id='word_1_70' title='bbox 721 1770 1112 1831; x_wconf 85' lang='lat' dir='ltr'>Gloucestrie</span> <span class='ocrx_word' id='word_1_71' title='bbox 1164 1776 1226 1830; x_wconf 88' lang='lat' dir='ltr'>et</span> <span class='ocrx_word' id='word_1_72' title='bbox 1279 1770 1680 1841; x_wconf 82' lang='lat' dir='ltr'>Hertfordie;</span> <span class='ocrx_word' id='word_1_73' title='bbox 1746 1776 1811 1829; x_wconf 90' lang='lat' dir='ltr'>et</span> <span class='ocrx_word' id='word_1_74' title='bbox 1860 1770 1993 1849; x_wconf 88' lang='lat' dir='ltr'>ipse</span> <span class='ocrx_word' id='word_1_75' title='bbox 2042 1790 2153 1848; x_wconf 91' lang='lat' dir='ltr'>per</span> <span class='ocrx_word' id='word_1_76' title='bbox 2198 1776 2585 1831; x_wconf 87' lang='lat' dir='ltr'>attornatum</span> <span class='ocrx_word' id='word_1_77' title='bbox 2638 1792 2823 1834; x_wconf 88' lang='lat' dir='ltr'>suum</span> 
     </span>
     <span class='ocr_line' id='line_1_11' title="bbox 354 1875 2822 1957; baseline 0.001 -21"><span class='ocrx_word' id='word_1_78' title='bbox 354 1877 730 1956; x_wconf 88' lang='lat' dir='ltr'>comparuit,</span> <span class='ocrx_word' id='word_1_79' title='bbox 777 1882 838 1936; x_wconf 88' lang='lat' dir='ltr'>et</span> <span class='ocrx_word' id='word_1_80' title='bbox 881 1876 1234 1955; x_wconf 81' lang='lat' dir='ltr'>Episcopus</span> <span class='ocrx_word' id='word_1_81' title='bbox 1276 1875 1602 1954; x_wconf 68' lang='lat' dir='ltr'>placitavit</span> <span class='ocrx_word' id='word_1_82' title='bbox 1646 1896 1864 1936; x_wconf 85' lang='lat' dir='ltr'>versus</span> <span class='ocrx_word' id='word_1_83' title='bbox 1908 1896 2049 1935; x_wconf 90' lang='lat' dir='ltr'>eum</span> <span class='ocrx_word' id='word_1_84' title='bbox 2094 1875 2171 1935; x_wconf 86' lang='lat' dir='ltr'>de</span> <span class='ocrx_word' id='word_1_85' title='bbox 2216 1876 2468 1948; x_wconf 89' lang='lat' dir='ltr'>Chacia,</span> <span class='ocrx_word' id='word_1_86' title='bbox 2516 1888 2586 1938; x_wconf 91' lang='lat' dir='ltr'>ut</span> <span class='ocrx_word' id='word_1_87' title='bbox 2644 1883 2822 1957; x_wconf 85' lang='lat' dir='ltr'>patet</span> 
     </span>
     <span class='ocr_line' id='line_1_12' title="bbox 357 1984 2817 2065; baseline 0.001 -20"><span class='ocrx_word' id='word_1_88' title='bbox 357 1986 424 2045; x_wconf 90' lang='lat' dir='ltr'>in</span> <span class='ocrx_word' id='word_1_89' title='bbox 455 1987 579 2046; x_wconf 90' lang='lat' dir='ltr'>alia</span> <span class='ocrx_word' id='word_1_90' title='bbox 609 1994 822 2064; x_wconf 88' lang='lat' dir='ltr'>parte;</span> <span class='ocrx_word' id='word_1_91' title='bbox 868 1995 932 2045; x_wconf 87' lang='lat' dir='ltr'>et</span> <span class='ocrx_word' id='word_1_92' title='bbox 962 1984 1186 2045; x_wconf 88' lang='lat' dir='ltr'>Comes</span> <span class='ocrx_word' id='word_1_93' title='bbox 1220 1994 1283 2044; x_wconf 88' lang='lat' dir='ltr'>et</span> <span class='ocrx_word' id='word_1_94' title='bbox 1312 1984 1666 2063; x_wconf 82' lang='lat' dir='ltr'>Episcopus</span> <span class='ocrx_word' id='word_1_95' title='bbox 1709 1989 2055 2063; x_wconf 87' lang='lat' dir='ltr'>posuerunt</span> <span class='ocrx_word' id='word_1_96' title='bbox 2102 2002 2170 2045; x_wconf 86' lang='lat' dir='ltr'>se</span> <span class='ocrx_word' id='word_1_97' title='bbox 2212 1985 2278 2043; x_wconf 91' lang='lat' dir='ltr'>in</span> <span class='ocrx_word' id='word_1_98' title='bbox 2321 1985 2817 2065; x_wconf 77' lang='lat' dir='ltr'>inquisicionem.</span> 
     </span>
     <span class='ocr_line' id='line_1_13' title="bbox 359 2088 2823 2170; baseline 0.001 -21"><span class='ocrx_word' id='word_1_99' title='bbox 359 2090 740 2151; x_wconf 75' lang='lat' dir='ltr'>Habuerunt</span> <span class='ocrx_word' id='word_1_100' title='bbox 785 2090 950 2149; x_wconf 87' lang='lat' dir='ltr'>diem</span> <span class='ocrx_word' id='word_1_101' title='bbox 987 2109 1026 2149; x_wconf 87' lang='lat' dir='ltr'>a</span> <span class='ocrx_word' id='word_1_102' title='bbox 1059 2088 1160 2149; x_wconf 82' lang='lat' dir='ltr'>die</span> <span class='ocrx_word' id='word_1_103' title='bbox 1191 2089 1432 2149; x_wconf 86' lang='lat' dir='ltr'>Pasche</span> <span class='ocrx_word' id='word_1_104' title='bbox 1463 2089 1524 2148; x_wconf 91' lang='lat' dir='ltr'>in</span> <span class='ocrx_word' id='word_1_105' title='bbox 1564 2096 1689 2150; x_wconf 88' lang='lat' dir='ltr'>tres</span> <span class='ocrx_word' id='word_1_106' title='bbox 1720 2090 2125 2167; x_wconf 88' lang='lat' dir='ltr'>septimanas.</span> <span class='ocrx_word' id='word_1_107' title='bbox 2213 2090 2299 2149; x_wconf 85' lang='lat' dir='ltr'>Et</span> <span class='ocrx_word' id='word_1_108' title='bbox 2328 2099 2692 2170; x_wconf 79' lang='lat' dir='ltr'>preceptum</span> <span class='ocrx_word' id='word_1_109' title='bbox 2724 2096 2823 2153; x_wconf 84' lang='lat' dir='ltr'>est</span> 
     </span>
    </p>
   </div>
   <div class='ocr_carea' id='block_1_6' title="bbox 355 2194 2927 2275">
    <p class='ocr_par' dir='ltr' id='par_1_6' title="bbox 355 2194 2927 2275">
     <span class='ocr_line' id='line_1_14' title="bbox 355 2194 2927 2275; baseline 0.003 -19"><span class='ocrx_word' id='word_1_110' title='bbox 355 2195 725 2257; x_wconf 88' lang='lat' dir='ltr'>Vicecomiti</span> <span class='ocrx_word' id='word_1_111' title='bbox 757 2194 1126 2256; x_wconf 77' lang='lat' dir='ltr'>Herefordie</span> <span class='ocrx_word' id='word_1_112' title='bbox 1169 2194 1333 2275; x_wconf 87' lang='lat' dir='ltr'>quod</span> <span class='ocrx_word' id='word_1_113' title='bbox 1370 2195 1580 2255; x_wconf 89' lang='lat' dir='ltr'>venire</span> <span class='ocrx_word' id='word_1_114' title='bbox 1624 2196 1856 2255; x_wconf 80' lang='lat' dir='ltr'>faceret</span> <span class='ocrx_word' id='word_1_115' title='bbox 1900 2196 1982 2255; x_wconf 89' lang='lat' dir='ltr'>ad</span> <span class='ocrx_word' id='word_1_116' title='bbox 2023 2195 2187 2257; x_wconf 91' lang='lat' dir='ltr'>diem</span> <span class='ocrx_word' id='word_1_117' title='bbox 2220 2196 2392 2257; x_wconf 89' lang='lat' dir='ltr'>illam</span> <span class='ocrx_word' id='word_1_118' title='bbox 2426 2204 2557 2257; x_wconf 88' lang='lat' dir='ltr'>tam</span> <span class='ocrx_word' id='word_1_119' title='bbox 2588 2199 2823 2259; x_wconf 87' lang='lat' dir='ltr'>milites</span> <span class='ocrx_word' id='word_1_120' title='bbox 2922 2258 2927 2263; x_wconf 90' lang='lat'>.</span> 
     </span>
    </p>
   </div>
   <div class='ocr_carea' id='block_1_7' title="bbox 351 2299 2822 2696">
    <p class='ocr_par' dir='ltr' id='par_1_7' title="bbox 351 2299 2822 2696">
     <span class='ocr_line' id='line_1_15' title="bbox 351 2299 2819 2380; baseline 0.002 -19"><span class='ocrx_word' id='word_1_121' title='bbox 351 2321 545 2380; x_wconf 88' lang='lat' dir='ltr'>quam</span> <span class='ocrx_word' id='word_1_122' title='bbox 590 2300 748 2359; x_wconf 91' lang='lat' dir='ltr'>alios</span> <span class='ocrx_word' id='word_1_123' title='bbox 791 2300 876 2377; x_wconf 85' lang='lat' dir='ltr'>xij</span> <span class='ocrx_word' id='word_1_124' title='bbox 923 2299 1150 2359; x_wconf 87' lang='lat' dir='ltr'>liberos</span> <span class='ocrx_word' id='word_1_125' title='bbox 1195 2304 1259 2359; x_wconf 86' lang='lat' dir='ltr'>et</span> <span class='ocrx_word' id='word_1_126' title='bbox 1301 2299 1531 2377; x_wconf 84' lang='lat' dir='ltr'>legales</span> <span class='ocrx_word' id='word_1_127' title='bbox 1573 2299 1862 2359; x_wconf 89' lang='lat' dir='ltr'>homines</span> <span class='ocrx_word' id='word_1_128' title='bbox 1902 2299 1979 2360; x_wconf 87' lang='lat' dir='ltr'>de</span> <span class='ocrx_word' id='word_1_129' title='bbox 2018 2299 2327 2361; x_wconf 76' lang='lat' dir='ltr'>visor-ibus</span> <span class='ocrx_word' id='word_1_130' title='bbox 2369 2302 2447 2362; x_wconf 89' lang='lat' dir='ltr'>de</span> <span class='ocrx_word' id='word_1_131' title='bbox 2490 2302 2819 2365; x_wconf 89' lang='lat' dir='ltr'>Colewelle</span> 
     </span>
     <span class='ocr_line' id='line_1_16' title="bbox 355 2406 2822 2485; baseline 0.001 -17"><span class='ocrx_word' id='word_1_132' title='bbox 355 2412 419 2468; x_wconf 85' lang='lat' dir='ltr'>et</span> <span class='ocrx_word' id='word_1_133' title='bbox 469 2407 807 2477; x_wconf 87' lang='lat' dir='ltr'>Estnoure,</span> <span class='ocrx_word' id='word_1_134' title='bbox 861 2416 924 2465; x_wconf 89' lang='lat' dir='ltr'>et</span> <span class='ocrx_word' id='word_1_135' title='bbox 975 2406 1082 2485; x_wconf 91' lang='lat' dir='ltr'>qui</span> <span class='ocrx_word' id='word_1_136' title='bbox 1127 2426 1240 2465; x_wconf 87' lang='lat' dir='ltr'>nec</span> <span class='ocrx_word' id='word_1_137' title='bbox 1291 2406 1619 2477; x_wconf 83' lang='lat' dir='ltr'>Thomam,</span> <span class='ocrx_word' id='word_1_138' title='bbox 1672 2406 2056 2485; x_wconf 85' lang='lat' dir='ltr'>Episcopum</span> <span class='ocrx_word' id='word_1_139' title='bbox 2104 2406 2652 2481; x_wconf 84' lang='lat' dir='ltr'>Herefordensem,</span> <span class='ocrx_word' id='word_1_140' title='bbox 2708 2429 2822 2471; x_wconf 88' lang='lat' dir='ltr'>nec</span> 
     </span>
     <span class='ocr_line' id='line_1_17' title="bbox 355 2510 2820 2595; baseline 0.001 -22"><span class='ocrx_word' id='word_1_141' title='bbox 355 2512 710 2573; x_wconf 87' lang='lat' dir='ltr'>Gilbertum</span> <span class='ocrx_word' id='word_1_142' title='bbox 779 2510 858 2570; x_wconf 89' lang='lat' dir='ltr'>de</span> <span class='ocrx_word' id='word_1_143' title='bbox 929 2510 1129 2581; x_wconf 87' lang='lat' dir='ltr'>Clare,</span> <span class='ocrx_word' id='word_1_144' title='bbox 1189 2510 1499 2571; x_wconf 76' lang='lat' dir='ltr'>Comitem</span> <span class='ocrx_word' id='word_1_145' title='bbox 1571 2510 1961 2571; x_wconf 87' lang='lat' dir='ltr'>Gloucestrie</span> <span class='ocrx_word' id='word_1_146' title='bbox 2032 2520 2095 2571; x_wconf 90' lang='lat' dir='ltr'>et</span> <span class='ocrx_word' id='word_1_147' title='bbox 2168 2511 2548 2585; x_wconf 77' lang='lat' dir='ltr'>Hert-sordis,</span> <span class='ocrx_word' id='word_1_148' title='bbox 2608 2514 2820 2595; x_wconf 89' lang='lat' dir='ltr'>aliqua</span> 
     </span>
     <span class='ocr_line' id='line_1_18' title="bbox 355 2616 2754 2696; baseline 0.001 -18"><span class='ocrx_word' id='word_1_149' title='bbox 355 2618 663 2678; x_wconf 85' lang='lat' dir='ltr'>affinitate</span> <span class='ocrx_word' id='word_1_150' title='bbox 707 2617 1044 2695; x_wconf 86' lang='lat' dir='ltr'>attingant,</span> <span class='ocrx_word' id='word_1_151' title='bbox 1078 2616 1160 2677; x_wconf 86' lang='lat' dir='ltr'>ad</span> <span class='ocrx_word' id='word_1_152' title='bbox 1201 2618 1769 2695; x_wconf 84' lang='lat' dir='ltr'>recognoscendum</span> <span class='ocrx_word' id='word_1_153' title='bbox 1815 2635 2001 2696; x_wconf 87' lang='lat' dir='ltr'>super</span> <span class='ocrx_word' id='word_1_154' title='bbox 2043 2623 2505 2679; x_wconf 88' lang='lat' dir='ltr'>sacramentum</span> <span class='ocrx_word' id='word_1_155' title='bbox 2550 2639 2754 2681; x_wconf 88' lang='lat' dir='ltr'>suum.</span> 
     </span>
    </p>
   </div>
   <div class='ocr_carea' id='block_1_8' title="bbox 353 2772 2824 3490">
    <p class='ocr_par' dir='ltr' id='par_1_8' title="bbox 353 2772 2824 3490">
     <span class='ocr_line' id='line_1_19' title="bbox 523 2772 2823 2851; baseline 0.003 -18"><span class='ocrx_word' id='word_1_156' title='bbox 523 2776 574 2833; x_wconf 89' lang='lat' dir='ltr'>A</span> <span class='ocrx_word' id='word_1_157' title='bbox 620 2774 718 2833; x_wconf 87' lang='lat' dir='ltr'>die</span> <span class='ocrx_word' id='word_1_158' title='bbox 763 2772 1006 2833; x_wconf 83' lang='lat' dir='ltr'>Pasche</span> <span class='ocrx_word' id='word_1_159' title='bbox 1049 2773 1112 2831; x_wconf 93' lang='lat' dir='ltr'>in</span> <span class='ocrx_word' id='word_1_160' title='bbox 1156 2779 1283 2833; x_wconf 89' lang='lat' dir='ltr'>tres</span> <span class='ocrx_word' id='word_1_161' title='bbox 1327 2774 1711 2851; x_wconf 85' lang='lat' dir='ltr'>septimanas</span> <span class='ocrx_word' id='word_1_162' title='bbox 1755 2774 1985 2851; x_wconf 82' lang='lat' dir='ltr'>optulit</span> <span class='ocrx_word' id='word_1_163' title='bbox 2017 2794 2083 2835; x_wconf 90' lang='lat' dir='ltr'>se</span> <span class='ocrx_word' id='word_1_164' title='bbox 2114 2793 2329 2835; x_wconf 88' lang='lat' dir='ltr'>versus</span> <span class='ocrx_word' id='word_1_165' title='bbox 2360 2775 2712 2838; x_wconf 88' lang='lat' dir='ltr'>Gilbertum</span> <span class='ocrx_word' id='word_1_166' title='bbox 2742 2777 2823 2840; x_wconf 86' lang='lat' dir='ltr'>de</span> 
     </span>
     <span class='ocr_line' id='line_1_20' title="bbox 353 2878 2823 2953; baseline 0 -9"><span class='ocrx_word' id='word_1_167' title='bbox 353 2880 558 2953; x_wconf 85' lang='lat' dir='ltr'>Clare,</span> <span class='ocrx_word' id='word_1_168' title='bbox 592 2879 903 2942; x_wconf 86' lang='lat' dir='ltr'>Comitem</span> <span class='ocrx_word' id='word_1_169' title='bbox 947 2879 1024 2941; x_wconf 85' lang='lat' dir='ltr'>de</span> <span class='ocrx_word' id='word_1_170' title='bbox 1064 2878 1454 2941; x_wconf 88' lang='lat' dir='ltr'>Gloucestrie</span> <span class='ocrx_word' id='word_1_171' title='bbox 1493 2883 1556 2940; x_wconf 86' lang='lat' dir='ltr'>et</span> <span class='ocrx_word' id='word_1_172' title='bbox 1587 2879 1970 2953; x_wconf 78' lang='lat' dir='ltr'>Hertfordie‚</span> <span class='ocrx_word' id='word_1_173' title='bbox 2004 2885 2065 2941; x_wconf 88' lang='lat' dir='ltr'>et</span> <span class='ocrx_word' id='word_1_174' title='bbox 2092 2879 2132 2941; x_wconf 86' lang='lat' dir='ltr'><strong>J</strong></span> <span class='ocrx_word' id='word_1_175' title='bbox 2136 2880 2417 2942; x_wconf 89' lang='lat' dir='ltr'>ohannes</span> <span class='ocrx_word' id='word_1_176' title='bbox 2445 2881 2523 2943; x_wconf 91' lang='lat' dir='ltr'>de</span> <span class='ocrx_word' id='word_1_177' title='bbox 2553 2882 2614 2944; x_wconf 90' lang='lat' dir='ltr'>la</span> <span class='ocrx_word' id='word_1_178' title='bbox 2644 2882 2823 2945; x_wconf 89' lang='lat' dir='ltr'>More</span> 
     </span>
     <span class='ocr_line' id='line_1_21' title="bbox 353 2986 2823 3051; baseline 0 -2"><span class='ocrx_word' id='word_1_179' title='bbox 353 2995 716 3050; x_wconf 77' lang='lat' dir='ltr'>attor-natus</span> <span class='ocrx_word' id='word_1_180' title='bbox 772 2987 924 3048; x_wconf 86' lang='lat' dir='ltr'>dicti</span> <span class='ocrx_word' id='word_1_181' title='bbox 981 2986 1244 3048; x_wconf 85' lang='lat' dir='ltr'>Comitis</span> <span class='ocrx_word' id='word_1_182' title='bbox 1301 2986 1418 3047; x_wconf 80' lang='lat' dir='ltr'>fuit</span> <span class='ocrx_word' id='word_1_183' title='bbox 1473 2988 1833 3048; x_wconf 87' lang='lat' dir='ltr'>essoniatus</span> <span class='ocrx_word' id='word_1_184' title='bbox 1905 2987 2074 3047; x_wconf 90' lang='lat' dir='ltr'>dicto</span> <span class='ocrx_word' id='word_1_185' title='bbox 2143 2987 2243 3047; x_wconf 86' lang='lat' dir='ltr'>die</span> <span class='ocrx_word' id='word_1_186' title='bbox 2300 3008 2517 3049; x_wconf 88' lang='lat' dir='ltr'>versus</span> <span class='ocrx_word' id='word_1_187' title='bbox 2582 2989 2823 3051; x_wconf 83' lang='lat' dir='ltr'>dictum</span> 
     </span>
     <span class='ocr_line' id='line_1_22' title="bbox 353 3093 2823 3175; baseline 0 -19"><span class='ocrx_word' id='word_1_188' title='bbox 353 3096 764 3175; x_wconf 66' lang='lat' dir='ltr'>Episcopum.</span> <span class='ocrx_word' id='word_1_189' title='bbox 851 3093 1230 3153; x_wconf 79' lang='lat' dir='ltr'>Habuerunt</span> <span class='ocrx_word' id='word_1_190' title='bbox 1272 3094 1438 3153; x_wconf 87' lang='lat' dir='ltr'>diem</span> <span class='ocrx_word' id='word_1_191' title='bbox 1471 3111 1508 3152; x_wconf 84' lang='lat' dir='ltr'>a</span> <span class='ocrx_word' id='word_1_192' title='bbox 1544 3093 1644 3153; x_wconf 85' lang='lat' dir='ltr'>die</span> <span class='ocrx_word' id='word_1_193' title='bbox 1677 3094 1905 3153; x_wconf 88' lang='lat' dir='ltr'>Sancte</span> <span class='ocrx_word' id='word_1_194' title='bbox 1934 3093 2261 3154; x_wconf 81' lang='lat' dir='ltr'>Trinitatis</span> <span class='ocrx_word' id='word_1_195' title='bbox 2291 3095 2355 3153; x_wconf 91' lang='lat' dir='ltr'>in</span> <span class='ocrx_word' id='word_1_196' title='bbox 2386 3114 2467 3153; x_wconf 86' lang='lat' dir='ltr'>xv</span> <span class='ocrx_word' id='word_1_197' title='bbox 2493 3095 2646 3156; x_wconf 77' lang='lat' dir='ltr'>dies,</span> <span class='ocrx_word' id='word_1_198' title='bbox 2734 3097 2823 3156; x_wconf 88' lang='lat' dir='ltr'>Et</span> 
     </span>
     <span class='ocr_line' id='line_1_23' title="bbox 353 3198 2824 3282; baseline -0 -19"><span class='ocrx_word' id='word_1_199' title='bbox 353 3208 722 3282; x_wconf 86' lang='lat' dir='ltr'>preceptum</span> <span class='ocrx_word' id='word_1_200' title='bbox 762 3201 882 3260; x_wconf 81' lang='lat' dir='ltr'>fuit</span> <span class='ocrx_word' id='word_1_201' title='bbox 925 3198 1293 3261; x_wconf 88' lang='lat' dir='ltr'>Vicecomiti</span> <span class='ocrx_word' id='word_1_202' title='bbox 1333 3199 1498 3279; x_wconf 85' lang='lat' dir='ltr'>quod</span> <span class='ocrx_word' id='word_1_203' title='bbox 1529 3198 1789 3259; x_wconf 89' lang='lat' dir='ltr'>haberet</span> <span class='ocrx_word' id='word_1_204' title='bbox 1821 3218 2081 3277; x_wconf 85' lang='lat' dir='ltr'>corpora</span> <span class='ocrx_word' id='word_1_205' title='bbox 2109 3199 2335 3259; x_wconf 90' lang='lat' dir='ltr'>talium</span> <span class='ocrx_word' id='word_1_206' title='bbox 2364 3200 2824 3278; x_wconf 89' lang='lat' dir='ltr'>recognitorum</span> 
     </span>
     <span class='ocr_line' id='line_1_24' title="bbox 356 3304 2821 3386; baseline -0 -17"><span class='ocrx_word' id='word_1_207' title='bbox 356 3307 440 3369; x_wconf 85' lang='lat' dir='ltr'>ad</span> <span class='ocrx_word' id='word_1_208' title='bbox 483 3308 718 3367; x_wconf 86' lang='lat' dir='ltr'>dictum</span> <span class='ocrx_word' id='word_1_209' title='bbox 761 3306 950 3366; x_wconf 89' lang='lat' dir='ltr'>diem.</span> <span class='ocrx_word' id='word_1_210' title='bbox 1035 3306 1123 3365; x_wconf 88' lang='lat' dir='ltr'>Et</span> <span class='ocrx_word' id='word_1_211' title='bbox 1167 3305 1334 3386; x_wconf 89' lang='lat' dir='ltr'>quod</span> <span class='ocrx_word' id='word_1_212' title='bbox 1374 3305 1738 3366; x_wconf 89' lang='lat' dir='ltr'>Vicecomes</span> <span class='ocrx_word' id='word_1_213' title='bbox 1769 3305 2028 3364; x_wconf 88' lang='lat' dir='ltr'>haberet</span> <span class='ocrx_word' id='word_1_214' title='bbox 2059 3305 2137 3364; x_wconf 84' lang='lat' dir='ltr'>ad</span> <span class='ocrx_word' id='word_1_215' title='bbox 2168 3304 2406 3365; x_wconf 84' lang='lat' dir='ltr'>dictum</span> <span class='ocrx_word' id='word_1_216' title='bbox 2439 3305 2601 3366; x_wconf 87' lang='lat' dir='ltr'>diem</span> <span class='ocrx_word' id='word_1_217' title='bbox 2634 3313 2727 3368; x_wconf 86' lang='lat' dir='ltr'>tot</span> <span class='ocrx_word' id='word_1_218' title='bbox 2756 3315 2821 3367; x_wconf 88' lang='lat' dir='ltr'>et</span> 
     </span>
     <span class='ocr_line' id='line_1_25' title="bbox 353 3409 2632 3490; baseline -0 -18"><span class='ocrx_word' id='word_1_219' title='bbox 353 3413 542 3483; x_wconf 86' lang='lat' dir='ltr'>tales,</span> <span class='ocrx_word' id='word_1_220' title='bbox 587 3432 664 3473; x_wconf 89' lang='lat' dir='ltr'>ne</span> <span class='ocrx_word' id='word_1_221' title='bbox 705 3412 914 3490; x_wconf 84' lang='lat' dir='ltr'>jurata</span> <span class='ocrx_word' id='word_1_222' title='bbox 955 3409 1062 3470; x_wconf 91' lang='lat' dir='ltr'>illa</span> <span class='ocrx_word' id='word_1_223' title='bbox 1105 3417 1426 3470; x_wconf 88' lang='lat' dir='ltr'>remaneat</span> <span class='ocrx_word' id='word_1_224' title='bbox 1470 3409 1772 3489; x_wconf 86' lang='lat' dir='ltr'>capienda</span> <span class='ocrx_word' id='word_1_225' title='bbox 1814 3429 1927 3489; x_wconf 87' lang='lat' dir='ltr'>pro</span> <span class='ocrx_word' id='word_1_226' title='bbox 1970 3410 2217 3470; x_wconf 79' lang='lat' dir='ltr'>defectu</span> <span class='ocrx_word' id='word_1_227' title='bbox 2262 3421 2632 3488; x_wconf 76' lang='lat' dir='ltr'>juratorum.</span> 
     </span>
    </p>
   </div>
   <div class='ocr_carea' id='block_1_9' title="bbox 351 3565 2824 5022">
    <p class='ocr_par' dir='ltr' id='par_1_9' title="bbox 351 3565 2824 5022">
     <span class='ocr_line' id='line_1_26' title="bbox 521 3565 2822 3646; baseline 0 -19"><span class='ocrx_word' id='word_1_228' title='bbox 521 3570 572 3627; x_wconf 90' lang='lat' dir='ltr'>A</span> <span class='ocrx_word' id='word_1_229' title='bbox 629 3567 728 3627; x_wconf 86' lang='lat' dir='ltr'>die</span> <span class='ocrx_word' id='word_1_230' title='bbox 789 3567 1018 3626; x_wconf 79' lang='lat' dir='ltr'>Sancte</span> <span class='ocrx_word' id='word_1_231' title='bbox 1076 3565 1404 3625; x_wconf 82' lang='lat' dir='ltr'>Trinitatis</span> <span class='ocrx_word' id='word_1_232' title='bbox 1454 3565 1520 3624; x_wconf 92' lang='lat' dir='ltr'>in</span> <span class='ocrx_word' id='word_1_233' title='bbox 1567 3584 1647 3625; x_wconf 83' lang='lat' dir='ltr'>xv</span> <span class='ocrx_word' id='word_1_234' title='bbox 1697 3565 1831 3625; x_wconf 89' lang='lat' dir='ltr'>dies</span> <span class='ocrx_word' id='word_1_235' title='bbox 1881 3565 2129 3646; x_wconf 89' lang='lat' dir='ltr'>loquela</span> <span class='ocrx_word' id='word_1_236' title='bbox 2183 3566 2485 3626; x_wconf 83' lang='lat' dir='ltr'>remansit</span> <span class='ocrx_word' id='word_1_237' title='bbox 2536 3566 2670 3627; x_wconf 90' lang='lat' dir='ltr'>sine</span> <span class='ocrx_word' id='word_1_238' title='bbox 2720 3566 2822 3630; x_wconf 85' lang='lat' dir='ltr'>die</span> 
     </span>
     <span class='ocr_line' id='line_1_27' title="bbox 353 3669 2821 3755; baseline -0.001 -20"><span class='ocrx_word' id='word_1_239' title='bbox 353 3681 612 3755; x_wconf 86' lang='lat' dir='ltr'>propter</span> <span class='ocrx_word' id='word_1_240' title='bbox 632 3673 1098 3752; x_wconf 88' lang='lat' dir='ltr'>expedicionem</span> <span class='ocrx_word' id='word_1_241' title='bbox 1123 3672 1432 3732; x_wconf 86' lang='lat' dir='ltr'>exercitus</span> <span class='ocrx_word' id='word_1_242' title='bbox 1455 3669 1690 3730; x_wconf 86' lang='lat' dir='ltr'>domini</span> <span class='ocrx_word' id='word_1_243' title='bbox 1713 3670 1904 3748; x_wconf 88' lang='lat' dir='ltr'>Regis</span> <span class='ocrx_word' id='word_1_244' title='bbox 1927 3689 2145 3731; x_wconf 87' lang='lat' dir='ltr'>versus</span> <span class='ocrx_word' id='word_1_245' title='bbox 2168 3670 2485 3731; x_wconf 82' lang='lat' dir='ltr'>Walliam.</span> <span class='ocrx_word' id='word_1_246' title='bbox 2570 3672 2821 3733; x_wconf 82' lang='lat' dir='ltr'>Novum</span> 
     </span>
     <span class='ocr_line' id='line_1_28' title="bbox 354 3775 2822 3861; baseline -0.002 -17"><span class='ocrx_word' id='word_1_247' title='bbox 354 3784 545 3844; x_wconf 86' lang='lat' dir='ltr'>breve</span> <span class='ocrx_word' id='word_1_248' title='bbox 595 3779 762 3861; x_wconf 85' lang='lat' dir='ltr'>quod</span> <span class='ocrx_word' id='word_1_249' title='bbox 812 3777 1058 3858; x_wconf 88' lang='lat' dir='ltr'>loquela</span> <span class='ocrx_word' id='word_1_250' title='bbox 1106 3783 1464 3838; x_wconf 87' lang='lat' dir='ltr'>resumatur</span> <span class='ocrx_word' id='word_1_251' title='bbox 1513 3778 1622 3854; x_wconf 90' lang='lat' dir='ltr'>[et]</span> <span class='ocrx_word' id='word_1_252' title='bbox 1669 3777 1833 3855; x_wconf 88' lang='lat' dir='ltr'>quod</span> <span class='ocrx_word' id='word_1_253' title='bbox 1881 3775 2106 3836; x_wconf 88' lang='lat' dir='ltr'>Comes</span> <span class='ocrx_word' id='word_1_254' title='bbox 2159 3777 2241 3836; x_wconf 89' lang='lat' dir='ltr'>sit</span> <span class='ocrx_word' id='word_1_255' title='bbox 2284 3777 2449 3855; x_wconf 88' lang='lat' dir='ltr'>apud</span> <span class='ocrx_word' id='word_1_256' title='bbox 2504 3777 2822 3857; x_wconf 84' lang='lat' dir='ltr'>Salopiam</span> 
     </span>
     <span class='ocr_line' id='line_1_29' title="bbox 356 3880 2823 3959; baseline -0.001 -12"><span class='ocrx_word' id='word_1_257' title='bbox 356 3905 569 3947; x_wconf 90' lang='lat' dir='ltr'>coram</span> <span class='ocrx_word' id='word_1_258' title='bbox 614 3883 972 3944; x_wconf 88' lang='lat' dir='ltr'>tenentibus</span> <span class='ocrx_word' id='word_1_259' title='bbox 1017 3882 1220 3942; x_wconf 89' lang='lat' dir='ltr'>locum</span> <span class='ocrx_word' id='word_1_260' title='bbox 1267 3882 1454 3959; x_wconf 86' lang='lat' dir='ltr'>Regis</span> <span class='ocrx_word' id='word_1_261' title='bbox 1497 3881 1561 3940; x_wconf 94' lang='lat' dir='ltr'>in</span> <span class='ocrx_word' id='word_1_262' title='bbox 1607 3880 1867 3942; x_wconf 87' lang='lat' dir='ltr'>Octabis</span> <span class='ocrx_word' id='word_1_263' title='bbox 1916 3881 2129 3940; x_wconf 88' lang='lat' dir='ltr'>Sancti</span> <span class='ocrx_word' id='word_1_264' title='bbox 2176 3880 2526 3941; x_wconf 88' lang='lat' dir='ltr'>Michaelis.</span> <span class='ocrx_word' id='word_1_265' title='bbox 2616 3883 2823 3944; x_wconf 84' lang='lat' dir='ltr'>Tenor</span> 
     </span>
     <span class='ocr_line' id='line_1_30' title="bbox 357 3984 2822 4059; baseline -0.002 -6"><span class='ocrx_word' id='word_1_266' title='bbox 357 3993 514 4054; x_wconf 86' lang='lat' dir='ltr'>dicti</span> <span class='ocrx_word' id='word_1_267' title='bbox 542 3992 744 4052; x_wconf 85' lang='lat' dir='ltr'>brevis</span> <span class='ocrx_word' id='word_1_268' title='bbox 788 3990 935 4050; x_wconf 89' lang='lat' dir='ltr'>talis</span> <span class='ocrx_word' id='word_1_269' title='bbox 977 3987 1546 4059; x_wconf 89' lang='lat' dir='ltr'>est,—Vicecomiti</span> <span class='ocrx_word' id='word_1_270' title='bbox 1592 3985 1980 4046; x_wconf 87' lang='lat' dir='ltr'>Gloucestrie</span> <span class='ocrx_word' id='word_1_271' title='bbox 2024 3984 2315 4046; x_wconf 87' lang='lat' dir='ltr'>salutem.</span> <span class='ocrx_word' id='word_1_272' title='bbox 2406 3986 2822 4049; x_wconf 88' lang='lat' dir='ltr'>Summoneas</span> 
     </span>
     <span class='ocr_line' id='line_1_31' title="bbox 352 4091 2821 4179; baseline -0.002 -20"><span class='ocrx_word' id='word_1_273' title='bbox 352 4119 468 4179; x_wconf 87' lang='lat' dir='ltr'>per</span> <span class='ocrx_word' id='word_1_274' title='bbox 496 4098 692 4158; x_wconf 90' lang='lat' dir='ltr'>bonos</span> <span class='ocrx_word' id='word_1_275' title='bbox 726 4095 1212 4156; x_wconf 88' lang='lat' dir='ltr'>summonitores</span> <span class='ocrx_word' id='word_1_276' title='bbox 1254 4093 1608 4154; x_wconf 89' lang='lat' dir='ltr'>Gilbertum</span> <span class='ocrx_word' id='word_1_277' title='bbox 1636 4093 1714 4152; x_wconf 88' lang='lat' dir='ltr'>de</span> <span class='ocrx_word' id='word_1_278' title='bbox 1757 4091 1960 4162; x_wconf 85' lang='lat' dir='ltr'>Clare,</span> <span class='ocrx_word' id='word_1_279' title='bbox 1994 4091 2302 4152; x_wconf 88' lang='lat' dir='ltr'>Comitem</span> <span class='ocrx_word' id='word_1_280' title='bbox 2336 4091 2727 4154; x_wconf 86' lang='lat' dir='ltr'>Gloucestrie</span> <span class='ocrx_word' id='word_1_281' title='bbox 2755 4100 2821 4155; x_wconf 89' lang='lat' dir='ltr'>et</span> 
     </span>
     <span class='ocr_line' id='line_1_32' title="bbox 354 4198 2822 4282; baseline -0 -18"><span class='ocrx_word' id='word_1_282' title='bbox 354 4203 741 4274; x_wconf 84' lang='lat' dir='ltr'>Hertfordie,</span> <span class='ocrx_word' id='word_1_283' title='bbox 772 4201 940 4282; x_wconf 88' lang='lat' dir='ltr'>quod</span> <span class='ocrx_word' id='word_1_284' title='bbox 969 4201 1050 4261; x_wconf 88' lang='lat' dir='ltr'>sit</span> <span class='ocrx_word' id='word_1_285' title='bbox 1079 4219 1288 4260; x_wconf 90' lang='lat' dir='ltr'>coram</span> <span class='ocrx_word' id='word_1_286' title='bbox 1318 4200 1517 4271; x_wconf 73' lang='lat' dir='ltr'>nobiS,</span> <span class='ocrx_word' id='word_1_287' title='bbox 1549 4199 1647 4260; x_wconf 87' lang='lat' dir='ltr'>vel</span> <span class='ocrx_word' id='word_1_288' title='bbox 1677 4200 1883 4259; x_wconf 91' lang='lat' dir='ltr'>locum</span> <span class='ocrx_word' id='word_1_289' title='bbox 1916 4207 2201 4258; x_wconf 89' lang='lat' dir='ltr'>nostrum</span> <span class='ocrx_word' id='word_1_290' title='bbox 2232 4198 2611 4272; x_wconf 87' lang='lat' dir='ltr'>tenentibus,</span> <span class='ocrx_word' id='word_1_291' title='bbox 2654 4203 2822 4281; x_wconf 86' lang='lat' dir='ltr'>apud</span> 
     </span>
     <span class='ocr_line' id='line_1_33' title="bbox 358 4303 2823 4388; baseline -0 -17"><span class='ocrx_word' id='word_1_292' title='bbox 358 4309 679 4388; x_wconf 86' lang='lat' dir='ltr'>Salopiam</span> <span class='ocrx_word' id='word_1_293' title='bbox 723 4307 788 4367; x_wconf 89' lang='lat' dir='ltr'>in</span> <span class='ocrx_word' id='word_1_294' title='bbox 832 4305 1089 4368; x_wconf 89' lang='lat' dir='ltr'>Octabis</span> <span class='ocrx_word' id='word_1_295' title='bbox 1135 4304 1351 4366; x_wconf 88' lang='lat' dir='ltr'>Sancti</span> <span class='ocrx_word' id='word_1_296' title='bbox 1395 4304 1744 4376; x_wconf 84' lang='lat' dir='ltr'>Michaelis,</span> <span class='ocrx_word' id='word_1_297' title='bbox 1787 4303 1915 4386; x_wconf 86' lang='lat' dir='ltr'>[ad]</span> <span class='ocrx_word' id='word_1_298' title='bbox 1966 4303 2347 4363; x_wconf 88' lang='lat' dir='ltr'>audiendum</span> <span class='ocrx_word' id='word_1_299' title='bbox 2390 4305 2717 4366; x_wconf 71' lang='lat' dir='ltr'>recor-dum</span> <span class='ocrx_word' id='word_1_300' title='bbox 2759 4313 2823 4370; x_wconf 85' lang='lat' dir='ltr'>et</span> 
     </span>
     <span class='ocr_line' id='line_1_34' title="bbox 351 4410 2824 4495; baseline -0.001 -19"><span class='ocrx_word' id='word_1_301' title='bbox 351 4415 660 4495; x_wconf 84' lang='lat' dir='ltr'>judicium</span> <span class='ocrx_word' id='word_1_302' title='bbox 705 4432 889 4474; x_wconf 87' lang='lat' dir='ltr'>suum</span> <span class='ocrx_word' id='word_1_303' title='bbox 931 4412 1007 4472; x_wconf 86' lang='lat' dir='ltr'>de</span> <span class='ocrx_word' id='word_1_304' title='bbox 1045 4411 1293 4492; x_wconf 89' lang='lat' dir='ltr'>loquela</span> <span class='ocrx_word' id='word_1_305' title='bbox 1333 4431 1454 4492; x_wconf 89' lang='lat' dir='ltr'>que</span> <span class='ocrx_word' id='word_1_306' title='bbox 1498 4411 1617 4470; x_wconf 79' lang='lat' dir='ltr'>fuit</span> <span class='ocrx_word' id='word_1_307' title='bbox 1653 4413 1717 4469; x_wconf 88' lang='lat' dir='ltr'>in</span> <span class='ocrx_word' id='word_1_308' title='bbox 1749 4410 1921 4470; x_wconf 84' lang='lat' dir='ltr'>curia</span> <span class='ocrx_word' id='word_1_309' title='bbox 1950 4419 2167 4470; x_wconf 85' lang='lat' dir='ltr'>nostra</span> <span class='ocrx_word' id='word_1_310' title='bbox 2197 4429 2405 4470; x_wconf 86' lang='lat' dir='ltr'>coram</span> <span class='ocrx_word' id='word_1_311' title='bbox 2438 4410 2617 4473; x_wconf 88' lang='lat' dir='ltr'>nobis</span> <span class='ocrx_word' id='word_1_312' title='bbox 2660 4415 2824 4474; x_wconf 87' lang='lat' dir='ltr'>inter</span> 
     </span>
     <span class='ocr_line' id='line_1_35' title="bbox 356 4517 2821 4598; baseline -0.001 -16"><span class='ocrx_word' id='word_1_313' title='bbox 356 4522 688 4591; x_wconf 82' lang='lat' dir='ltr'>Thomam,</span> <span class='ocrx_word' id='word_1_314' title='bbox 767 4519 1152 4598; x_wconf 88' lang='lat' dir='ltr'>Episcopum</span> <span class='ocrx_word' id='word_1_315' title='bbox 1225 4517 1774 4587; x_wconf 84' lang='lat' dir='ltr'>Herefordensem,</span> <span class='ocrx_word' id='word_1_316' title='bbox 1848 4521 2238 4596; x_wconf 87' lang='lat' dir='ltr'>querentem,</span> <span class='ocrx_word' id='word_1_317' title='bbox 2312 4525 2375 4574; x_wconf 89' lang='lat' dir='ltr'>et</span> <span class='ocrx_word' id='word_1_318' title='bbox 2465 4517 2821 4594; x_wconf 88' lang='lat' dir='ltr'>predictum</span> 
     </span>
     <span class='ocr_line' id='line_1_36' title="bbox 357 4621 2821 4703; baseline -0.002 -14"><span class='ocrx_word' id='word_1_319' title='bbox 357 4629 692 4697; x_wconf 88' lang='lat' dir='ltr'>Comitem,</span> <span class='ocrx_word' id='word_1_320' title='bbox 751 4624 828 4685; x_wconf 86' lang='lat' dir='ltr'>de</span> <span class='ocrx_word' id='word_1_321' title='bbox 882 4623 1115 4703; x_wconf 87' lang='lat' dir='ltr'>placito</span> <span class='ocrx_word' id='word_1_322' title='bbox 1173 4641 1364 4702; x_wconf 88' lang='lat' dir='ltr'>quare</span> <span class='ocrx_word' id='word_1_323' title='bbox 1419 4621 1736 4700; x_wconf 88' lang='lat' dir='ltr'>predictus</span> <span class='ocrx_word' id='word_1_324' title='bbox 1795 4621 2021 4682; x_wconf 89' lang='lat' dir='ltr'>Comes</span> <span class='ocrx_word' id='word_1_325' title='bbox 2078 4640 2205 4680; x_wconf 90' lang='lat' dir='ltr'>non</span> <span class='ocrx_word' id='word_1_326' title='bbox 2254 4621 2561 4698; x_wconf 88' lang='lat' dir='ltr'>permittit</span> <span class='ocrx_word' id='word_1_327' title='bbox 2612 4623 2821 4702; x_wconf 88' lang='lat' dir='ltr'>ipsum</span> 
     </span>
     <span class='ocr_line' id='line_1_37' title="bbox 357 4725 2821 4806; baseline -0.002 -11"><span class='ocrx_word' id='word_1_328' title='bbox 357 4735 590 4795; x_wconf 89' lang='lat' dir='ltr'>habere</span> <span class='ocrx_word' id='word_1_329' title='bbox 643 4733 902 4792; x_wconf 89' lang='lat' dir='ltr'>liberam</span> <span class='ocrx_word' id='word_1_330' title='bbox 954 4728 1254 4790; x_wconf 87' lang='lat' dir='ltr'>Chaciam</span> <span class='ocrx_word' id='word_1_331' title='bbox 1302 4729 1368 4788; x_wconf 89' lang='lat' dir='ltr'>in</span> <span class='ocrx_word' id='word_1_332' title='bbox 1420 4729 1601 4788; x_wconf 88' lang='lat' dir='ltr'>terris</span> <span class='ocrx_word' id='word_1_333' title='bbox 1649 4728 1845 4806; x_wconf 89' lang='lat' dir='ltr'>ipsius</span> <span class='ocrx_word' id='word_1_334' title='bbox 1898 4725 2193 4806; x_wconf 88' lang='lat' dir='ltr'>Episcopi</span> <span class='ocrx_word' id='word_1_335' title='bbox 2244 4727 2321 4786; x_wconf 88' lang='lat' dir='ltr'>de</span> <span class='ocrx_word' id='word_1_336' title='bbox 2380 4727 2707 4789; x_wconf 86' lang='lat' dir='ltr'>Colewelle</span> <span class='ocrx_word' id='word_1_337' title='bbox 2756 4737 2821 4790; x_wconf 88' lang='lat' dir='ltr'>et</span> 
     </span>
     <span class='ocr_line' id='line_1_38' title="bbox 359 4833 2821 4915; baseline -0.002 -13"><span class='ocrx_word' id='word_1_338' title='bbox 359 4842 715 4902; x_wconf 88' lang='lat' dir='ltr'>Estenoure</span> <span class='ocrx_word' id='word_1_339' title='bbox 758 4839 822 4897; x_wconf 90' lang='lat' dir='ltr'>in</span> <span class='ocrx_word' id='word_1_340' title='bbox 866 4835 1184 4897; x_wconf 91' lang='lat' dir='ltr'>Comitatu</span> <span class='ocrx_word' id='word_1_341' title='bbox 1225 4834 1614 4896; x_wconf 84' lang='lat' dir='ltr'>Herefordie.</span> <span class='ocrx_word' id='word_1_342' title='bbox 1689 4835 1791 4895; x_wconf 90' lang='lat' dir='ltr'>Ita</span> <span class='ocrx_word' id='word_1_343' title='bbox 1834 4833 2002 4915; x_wconf 87' lang='lat' dir='ltr'>quod</span> <span class='ocrx_word' id='word_1_344' title='bbox 2029 4833 2278 4914; x_wconf 87' lang='lat' dir='ltr'>loquela</span> <span class='ocrx_word' id='word_1_345' title='bbox 2308 4833 2414 4892; x_wconf 91' lang='lat' dir='ltr'>illa</span> <span class='ocrx_word' id='word_1_346' title='bbox 2444 4838 2595 4894; x_wconf 87' lang='lat' dir='ltr'>tunc</span> <span class='ocrx_word' id='word_1_347' title='bbox 2626 4835 2707 4895; x_wconf 88' lang='lat' dir='ltr'>sit</span> <span class='ocrx_word' id='word_1_348' title='bbox 2734 4835 2821 4896; x_wconf 89' lang='lat' dir='ltr'>ibi</span> 
     </span>
     <span class='ocr_line' id='line_1_39' title="bbox 358 4938 2820 5022; baseline -0.002 -13"><span class='ocrx_word' id='word_1_349' title='bbox 358 4949 425 5008; x_wconf 92' lang='lat' dir='ltr'>in</span> <span class='ocrx_word' id='word_1_350' title='bbox 452 4947 673 5009; x_wconf 86' lang='lat' dir='ltr'>eodem</span> <span class='ocrx_word' id='word_1_351' title='bbox 717 4949 892 5006; x_wconf 86' lang='lat' dir='ltr'>statu</span> <span class='ocrx_word' id='word_1_352' title='bbox 931 4944 998 5003; x_wconf 90' lang='lat' dir='ltr'>in</span> <span class='ocrx_word' id='word_1_353' title='bbox 1032 4959 1155 5021; x_wconf 88' lang='lat' dir='ltr'>quo</span> <span class='ocrx_word' id='word_1_354' title='bbox 1184 4941 1302 5001; x_wconf 82' lang='lat' dir='ltr'>fuit</span> <span class='ocrx_word' id='word_1_355' title='bbox 1329 4941 1583 5022; x_wconf 85' lang='lat' dir='ltr'>quando</span> <span class='ocrx_word' id='word_1_356' title='bbox 1612 4941 2017 5001; x_wconf 87' lang='lat' dir='ltr'>atterminata</span> <span class='ocrx_word' id='word_1_357' title='bbox 2045 4938 2165 4999; x_wconf 78' lang='lat' dir='ltr'>fuit</span> <span class='ocrx_word' id='word_1_358' title='bbox 2196 4957 2407 4999; x_wconf 88' lang='lat' dir='ltr'>coram</span> <span class='ocrx_word' id='word_1_359' title='bbox 2438 4939 2620 5001; x_wconf 86' lang='lat' dir='ltr'>nobis</span> <span class='ocrx_word' id='word_1_360' title='bbox 2653 4961 2692 5002; x_wconf 89' lang='lat' dir='ltr'>a</span> <span class='ocrx_word' id='word_1_361' title='bbox 2718 4942 2820 5004; x_wconf 87' lang='lat' dir='ltr'>die</span> 
     </span>
    </p>
   </div>
  </div>
 </body>
</html>
