3619 5868
1198 500 1500 581 Episcopi
1553 500 2037 581 Hercsordensis.
2766 506 2846 567 89

379 724 670 804 proximo
709 724 1098 804 preteritum,
1142 725 1279 785 sine
1319 726 1598 787 ulteriori
1646 725 1952 788 dilacione
2003 726 2456 807 injunxerimus
2502 728 2843 808 adimplen-

381 830 578 899 dum;
641 850 754 891 vos
816 834 1030 891 tamen
1091 830 1320 910 spretis
1381 836 1446 892 et
1507 831 1889 911 contemptis
1945 832 2259 894 mandatis
2317 834 2550 895 nostris
2614 834 2846 895 dictam

383 940 634 1015 portam
678 955 984 1008 amovere,
1015 956 1142 997 non
1184 936 1321 998 sine
1360 942 1513 997 nota
1554 937 1966 1017 multiplicate
2008 938 2454 1010 inobediencie‚
2486 940 2847 1019 neglexistis

382 1042 454 1102 in
515 1043 716 1103 nostri
779 1048 1214 1123 contemptum
1275 1048 1340 1104 et
1401 1042 1680 1123 ipsorum
1735 1044 2256 1123 parochianorum
2305 1046 2718 1125 prejudicium
2781 1052 2847 1107 et

379 1166 514 1208 non
581 1147 899 1208 modicum
967 1166 1320 1228 gravamen.
1433 1149 1736 1223 Quocirca
1803 1150 1980 1211 vobis
2051 1152 2440 1223 mandamuS,
2499 1152 2616 1213 sub
2682 1173 2849 1232 pena

381 1253 608 1333 viginti
663 1254 980 1327 librarum,
1024 1253 1469 1316 nichilominus
1525 1256 1812 1317 striccius
1868 1256 2268 1337 injungentes
2330 1258 2628 1337 quatinus
2684 1258 2847 1319 infra

383 1360 744 1439 quindecim
814 1360 948 1421 dies
1017 1380 1055 1421 a
1116 1366 1399 1441 tempore
1459 1362 1844 1441 recepcionis
1906 1362 2130 1423 harum
2190 1368 2438 1442 portam
2500 1364 2846 1443 predictam

386 1484 679 1526 amovere
735 1464 996 1537 faciatis,
1039 1470 1113 1525 ut
1161 1466 1250 1526 ita
1296 1466 1725 1545 parrochianis
1773 1472 1838 1527 et
1886 1466 2025 1528 aliis
2083 1467 2319 1547 ingredi
2363 1468 2716 1529 volentibus
2766 1470 2847 1529 ad

385 1569 717 1631 ecclesiam
767 1570 904 1631 sine
958 1570 1157 1651 ipsius
1211 1576 1390 1651 porte
1446 1571 1896 1652 impedimento
1952 1573 2107 1634 liber
2159 1579 2375 1653 pateat
2422 1594 2711 1635 accessus
2752 1574 2845 1634 in-

382 1675 687 1736 futurum.
782 1677 906 1737 Pro
955 1676 1386 1756 multiplicatis
1427 1697 1574 1739 vero
1622 1679 2019 1739 contumacia
2058 1684 2267 1740 vestra
2307 1684 2371 1740 et
2420 1679 2848 1741 inobediencia

385 1782 630 1842 tociens
693 1782 1032 1843 contractis
1099 1802 1296 1861 penas
1365 1782 1624 1855 debitas,
1681 1789 1869 1863 prout
1938 1784 2119 1845 nobis
2174 1784 2485 1845 videbitur
2538 1784 2845 1863 expedire,

389 1887 556 1951 sicut
611 1886 786 1965 prius
842 1886 1018 1947 vobis
1074 1887 1529 1949 reservavimus
1583 1888 1972 1969 infligendas.
2074 1890 2312 1949 Datum
2366 1890 2533 1969 apud
2582 1890 2843 1969 Wythe-

385 1992 604 2063 burne,
649 1992 868 2053 Idibus
918 1992 1200 2073 Augusti.

389 2321 546 2400 Auq.
619 2322 1352 2400 15,1276.—M0rt9aqe
1419 2322 1490 2401 os
1553 2321 1730 2381 land-s·
1799 2328 1867 2382 at
1938 2321 2421 2401 Sevenhampton
2490 2322 2563 2400 by
2632 2321 2848 2401 Ralph

638 2402 903 2463 Musard
959 2402 1032 2463 de
1093 2403 1319 2463 Fresne
1383 2409 1441 2462 to
1505 2402 1602 2463 the
1660 2402 1897 2482 Bishop
1946 2403 2055 2481 sor
2096 2403 2249 2481 sour
2294 2421 2489 2481 yearS,
2528 2403 2636 2481 sor
2670 2403 2845 2481 sorty

637 2482 944 2561 shillin93,
987 2503 1028 2543 a
1078 2482 1258 2544 house
1298 2482 1424 2543 and
1463 2483 1693 2562 qarden
1731 2482 1858 2543 and
1899 2483 2141 2563 coppice
2178 2482 2333 2543 with
2372 2483 2607 2543 certain
2645 2483 2845 2561 riqhts

635 2564 706 2643 os
744 2584 880 2642 way
931 2564 1104 2641 beinq
1151 2564 1440 2625 reserved.
1545 2564 1669 2625 The
1717 2563 1954 2644 Bishop
1994 2564 2127 2623 will
2174 2564 2350 2624 allow
2394 2570 2451 2624 to
2492 2563 2705 2643 Razph
2748 2564 2847 2624 the

639 2644 856 2723 thirty·
862 2651 976 2705 two
1031 2644 1316 2723 shillinqs
1373 2644 1490 2705 duc
1537 2665 1607 2705 as
1657 2644 1895 2705 annual
1946 2652 2081 2705 rent
2132 2654 2189 2705 to
2239 2644 2499 2725 himself,
2550 2644 2676 2705 and
2731 2651 2847 2705 two

635 2725 924 2803 shillinqs
967 2725 1094 2785 and
1122 2727 1454 2806 fourpence
1493 2725 1703 2804 yearly
1746 2724 1819 2785 in
1857 2725 2161 2786 addition.

546 2908 903 2969 RAnunrus
952 2908 1230 2968 Musam·
1278 2925 1367 2967 nn
1417 2906 2097 2968 PRns'rEBmwe—Hec
2145 2912 2243 2969 est
2292 2908 2631 2970 convencio
2678 2906 2847 2969 facta

381 3016 553 3077 inter
593 3015 1028 3078 Venerabilem
1085 3016 1356 3086 Patrem,
1401 3014 1744 3076 Dominum
1801 3015 2126 3086 Thomam,
2169 3019 2308 3085 etc„
2353 3035 2427 3074 ex
2476 3019 2655 3094 parte
2695 3035 2839 3087 una,

383 3127 452 3182 et
505 3121 845 3181 Radulsum
896 3121 1157 3181 Musard
1213 3121 1290 3181 de
1344 3119 1666 3192 Fraxinea,
1710 3140 1786 3180 ex
1842 3120 2053 3190 altera,
2098 3119 2387 3180 videlicet
2428 3120 2592 3200 quod
2636 3120 2843 3182 dictus

383 3227 696 3288 Radulfus
737 3227 994 3287 tradidit
1036 3231 1100 3287 et
1142 3225 1437 3305 obligavit
1478 3225 1646 3287 dicto
1695 3225 1969 3286 Domino
2018 3225 2354 3305 EpiscopO,
2397 3230 2461 3286 et
2509 3225 2843 3286 heredibus

383 3334 517 3395 suis
560 3334 660 3394 vel
715 3333 1066 3412 assignatis,
1110 3336 1311 3392 totam
1367 3336 1596 3392 terram
1653 3351 1835 3391 suam
1890 3350 2079 3410 quam
2129 3330 2416 3402 habebat,
2466 3331 2564 3392 vel
2614 3331 2844 3392 habere

383 3440 670 3511 debebat,
713 3441 780 3499 in
820 3439 1116 3518 parochia
1158 3439 1234 3499 de
1287 3437 1865 3518 Sevenhamptone„
1895 3457 2039 3497 cum
2083 3436 2373 3498 omnibus
2414 3438 2837 3517 pertinenciis,

381 3546 602 3626 pratis,
645 3545 913 3624 pascuis,
956 3543 1249 3624 pasturis,
1293 3543 1669 3614 nemoribus,
1719 3543 1917 3623 aquis,
1961 3543 2078 3604 viis
2134 3548 2198 3604 et
2254 3543 2512 3616 semitis,
2557 3565 2594 3603 a
2649 3545 2841 3605 Festo

381 3649 860 3729 Assumpcionis
904 3649 1132 3710 Sancte
1174 3649 1394 3720 Marie,
1438 3668 1604 3708 anno
1646 3647 1903 3708 Domini
1946 3648 2379 3710 M⁰OC⁰LXX⁰
2420 3655 2612 3720 sexte,
2642 3670 2843 3730 usque

382 3756 466 3816 ad
509 3755 846 3816 terminum
889 3759 1157 3834 quatuor
1203 3774 1512 3814 annorum
1568 3755 1865 3814 continue
1913 3756 2319 3834 sequencium
2367 3756 2837 3834 completorum.

379 3861 670 3924 Betinuit
714 3881 860 3922 vero
902 3861 1108 3921 dictus
1150 3859 1455 3920 Radulfus
1497 3861 1576 3920 ad
1617 3879 1776 3939 opus
1820 3879 2003 3920 suum
2046 3860 2266 3921 domos
2308 3880 2453 3922 suas
2497 3881 2639 3920 cum
2683 3867 2838 3934 orte,

380 3973 450 4030 et
502 3987 694 4027 unam
751 3967 1043 4027 semitam
1099 3966 1287 4026 eundi
1343 3966 1422 4026 ad
1477 3965 1716 4026 fontem
1772 3986 1959 4026 suum
2014 3966 2094 4025 ad
2148 3965 2558 4026 hauriendam
2613 3987 2841 4047 aquam

379 4093 582 4144 suam,
614 4078 678 4133 et
719 4077 1042 4152 pasturam
1075 4071 1174 4132 vie
1215 4091 1338 4151 que
1379 4071 1551 4131 ducit
1585 4090 1802 4132 versus
1845 4071 2171 4132 ecclesiam
2214 4076 2278 4132 et
2310 4091 2527 4133 versus
2569 4072 2840 4152 regalem

379 4179 549 4239 viam
606 4199 643 4237 a
685 4177 871 4238 domo
927 4197 1058 4238 sua.
1159 4177 1394 4236 Tamen
1443 4176 1653 4236 licebit
1701 4175 1861 4237 bene
1910 4177 2183 4237 Domino
2239 4177 2555 4256 Episcopo
2597 4177 2685 4238 ire
2726 4197 2841 4257 per

380 4285 648 4346 eandem
717 4284 882 4344 viam
959 4303 1102 4343 cum
1178 4282 1494 4362 plaustris,
1565 4282 1828 4343 carectis
1896 4287 1959 4343 et
2029 4283 2269 4355 averiis,
2342 4283 2840 4364 quandocunque

379 4411 641 4453 necesse
697 4389 968 4451 habebit.
1072 4389 1359 4450 Retinuit
1420 4409 1567 4450 vero
1631 4389 1748 4450 sibi
1812 4390 2017 4450 dictus
2081 4389 2388 4450 Radulfus
2444 4390 2725 4451 boscum¹
2772 4391 2839 4451 in

379 4517 638 4558 nemore
694 4515 810 4556 suo
865 4495 944 4555 ad
999 4515 1157 4574 opus
1214 4514 1416 4566 suum,
1462 4495 1552 4554 ita
1605 4499 1821 4555 tamen
1876 4495 2042 4574 quod
2096 4514 2223 4555 non
2272 4494 2473 4573 possit
2528 4495 2713 4555 alicui
2762 4495 2842 4556 de

381 4602 551 4664 dicto
607 4602 796 4663 bosco
852 4601 1136 4673 vendere,
1180 4601 1346 4671 dare,
1396 4600 1494 4661 vel
1550 4601 1897 4662 irradicare.
2002 4601 2301 4662 Promisit
2362 4607 2572 4661 autem
2636 4602 2841 4663 dictus

383 4707 694 4769 Badulfus
762 4726 875 4787 per
943 4710 1404 4767 sacramentum
1475 4725 1659 4766 suum
1727 4726 1843 4785 pro
1912 4725 1980 4767 se
2048 4711 2112 4766 et
2167 4705 2499 4767 heredibus
2555 4706 2686 4767 suis
2741 4706 2841 4767 vel

385 4813 746 4894 assignatis²
777 4812 945 4872 dicto
988 4811 1261 4871 Domino
1310 4810 1645 4890 Episcop0,
1688 4816 1752 4872 et
1801 4811 2134 4872 heredibus
2175 4811 2305 4873 suis
2346 4811 2444 4871 vel
2487 4811 2840 4890 assignatis,

707 4949 836 4989 l-ln
861 4948 966 4989 MS.
993 4945 1208 4988 boscum.
1898 4947 2030 4988 2-1n
2058 4947 2160 4988 MS.
2186 4944 2520 4992 assingnatis.
