3619 5868
1179 540 1480 621 Episcopi
1535 541 2017 621 Herefordcmsis.
2711 544 2828 604 199

365 763 444 824 de
485 764 748 825 diversis
792 764 1018 825 debitis
1061 771 1125 825 et
1167 765 1464 844 scutagiis
1509 785 1630 844 que
1678 765 1860 826 nobis
1905 765 2213 826 debentur
2253 766 2331 826 de
2372 771 2653 844 tempore
2692 786 2830 845 pre-

367 870 518 931 dicti
557 872 746 932 Petri.
832 873 918 931 Et
947 891 1060 933 vos
1101 872 1222 951 ipsi
1265 877 1417 932 tunc
1459 871 1600 932 sitis
1643 871 1891 942 ibidem,
1923 876 1986 932 et
2028 871 2311 932 habeatis
2344 871 2431 932 ibi
2472 872 2591 933 hoc
2625 871 2829 934 breve.

365 978 552 1039 Teste
608 979 681 1037 R.
741 979 818 1039 de
875 978 1232 1049 Nortwode,
1294 978 1460 1057 apud
1517 977 2171 1049 westmonasterium,
2232 978 2360 1057 xxij
2422 979 2522 1039 die
2577 978 2828 1057 Aprilis,

364 1103 530 1143 anno
571 1083 745 1162 regni
787 1083 987 1143 nostri
1029 1082 1134 1162 vij.

525 1224 728 1285 Breve
770 1224 958 1304 Regis
1001 1225 1180 1303 cujus
1224 1225 1394 1284 istud
1435 1225 1886 1302 transcriptum
1929 1225 2163 1296 existit,
2210 1245 2245 1284 x
2294 1224 2609 1286 Kalendas
2652 1225 2826 1296 Maii,

362 1351 528 1392 anno
590 1329 889 1409 predicte,
955 1329 1253 1390 Officialis
1317 1329 1798 1390 Herefordensis
1869 1330 2230 1390 execucioni
2300 1330 2824 1400 demandandum,

360 1436 482 1497 fuit
535 1437 1012 1506 transmissum;
1072 1436 1161 1495 ita
1217 1435 1382 1514 quod
1438 1436 1647 1514 ipsum
1697 1435 1900 1506 breve,
1948 1436 2220 1496 Domino
2266 1435 2580 1514 Episcopo
2625 1435 2824 1495 Here-

361 1542 635 1604 fordensi
670 1563 784 1603 seu
817 1563 931 1603 suo
966 1547 1137 1603 certo
1172 1546 1489 1602 attornato
1528 1544 1921 1614 tradendum,
1952 1548 2287 1623 postquam
2329 1541 2516 1602 fuerit
2549 1541 2827 1621 plenarie

360 1654 712 1719 executum,
743 1649 1016 1709 traderet
1060 1649 1262 1709 modis
1301 1648 1592 1709 omnibus
1635 1649 2025 1727 tempestive,
2057 1669 2137 1709 ne
2170 1648 2411 1728 primus
2445 1649 2577 1710 dies
2610 1649 2826 1728 placiti

360 1754 711 1835 aliqualiter
765 1753 1158 1833 impediatur.
1272 1755 1358 1813 Et
1413 1754 1598 1834 quod,
1643 1754 1921 1814 collectis
1975 1753 2283 1814 fructibus
2325 1754 2365 1815 J
2386 1754 2699 1832 [ohannis]
2747 1753 2825 1815 de

361 1859 538 1939 Aqua
598 1859 842 1920 Blanka
899 1861 964 1918 in
1024 1865 1390 1939 autumpno,
1443 1860 1614 1939 ipsos
1672 1865 1885 1920 teneat
1945 1859 2062 1921 sub
2120 1865 2257 1919 arto
2315 1865 2657 1938 sequestro,
2708 1859 2826 1920 sub

359 1985 522 2045 pena
577 1965 1005 2036 execucioni83
1063 1971 1128 2025 et
1182 1966 1350 2044 quod
1405 1965 1790 2044 Episcopum
1842 1963 2143 2025 certificet
2185 1985 2374 2044 super
2414 1964 2537 2025 hiis
2579 1965 2643 2023 in
2685 1985 2823 2044 pre-

358 2072 602 2143 missis;
648 2072 766 2133 hoc
808 2071 928 2131 fuit
971 2073 1236 2132 missum
1277 2092 1390 2151 per
1434 2071 1877 2132 Senescallum.

362 2339 487 2400 Oct.
530 2343 629 2410 29,
672 2338 1206 2400 1278.—-Another
1259 2338 1400 2398 writ
1457 2345 1515 2399 to
1574 2339 1672 2400 the
1729 2337 1966 2417 Bishop
2024 2345 2081 2398 to
2137 2336 2414 2397 dist-rain
2454 2357 2533 2398 on
2576 2336 2823 2398 Emeric

599 2421 726 2482 and
769 2419 936 2480 John
975 2419 1048 2480 de
1088 2420 1509 2498 Aquablanca.

519 2574 884 2646 Edwardus,
945 2581 1082 2645 etc„
1147 2575 1404 2646 Thome,
1468 2580 1607 2646 etc„
1672 2576 1961 2636 salutem.
2066 2575 2275 2649 Quum
2345 2575 2675 2636 Emericus
2745 2576 2823 2636 de

359 2679 537 2759 Aqua
593 2681 832 2741 Blanca
887 2686 951 2741 et
1007 2681 1047 2741 J
1049 2681 1331 2741 ohannes
1389 2681 1466 2740 de
1523 2681 1700 2760 Aqua
1750 2681 2005 2752 Blanca,
2050 2686 2415 2742 executores
2458 2681 2823 2742 testamenti

357 2786 529 2847 Petri
570 2787 649 2847 de
691 2786 869 2867 Aqua
911 2786 1168 2857 Blanca,
1214 2791 1351 2858 etc„
1397 2787 1602 2846 clerici
1645 2794 1813 2857 sunt,
1858 2785 2034 2846 vobis
2076 2787 2447 2848 mandamus
2491 2787 2659 2867 quod
2699 2786 2823 2846 dis-

355 2895 612 2977 tringas,
655 2901 810 2967 etc.;
868 2895 956 2956 ita
998 2894 1165 2975 quod
1209 2915 1316 2957 eos
1365 2894 1649 2956 habeatis
1699 2891 1907 2955 coram
1958 2893 2314 2954 Batonibus
2357 2893 2434 2953 de
2479 2891 2821 2964 ScaccariO,

355 3008 493 3074 etc.,
524 3024 560 3063 a
602 3003 702 3063 die
744 3004 987 3064 Pasche
1030 3003 1096 3061 in
1141 3023 1221 3062 xv
1255 3002 1406 3073 dies,
1438 3002 1516 3061 ad
1551 3000 2074 3080 respondendum,
2105 3005 2222 3060 etc.
2310 3000 2495 3060 'I'este
2529 2999 2569 3059 J
2572 2999 2823 3059 ohanne

353 3109 430 3169 de
491 3109 869 3179 Chabeham,
935 3109 1101 3188 apud
1171 3107 1825 3177 Westmonasterium,
1890 3106 2032 3165 xxix
2106 3106 2206 3166 die
2278 3105 2586 3175 OctobriS,
2652 3124 2820 3165 anno

352 3214 527 3294 regni
569 3215 768 3274 nostri
812 3220 1010 3276 sexto,
1041 3280 1054 3295 ⁸

516 3344 746 3404 Omnia
781 3344 945 3405 bona
981 3349 1113 3405 tam
1151 3344 1191 3404 J
1193 3342 1461 3403 ohannis
1500 3343 1576 3403 de
1617 3343 1795 3421 Aqua
1836 3342 2077 3401 Blanca
2119 3342 2309 3420 quam
2350 3340 2625 3400 Emerici
2668 3345 2818 3401 sunt

355 3454 766 3529 sequestrata.

355 3704 500 3763 Jan.
543 3707 642 3773 21,
685 3702 1117 3763 1279.-Writ
1161 3708 1218 3763 to
1259 3702 1534 3763 distrain
1573 3722 1652 3762 on
1697 3702 1956 3762 Thomas
2002 3702 2054 3761 lc
2094 3702 2325 3762 Breton
2364 3700 2491 3761 and
2534 3701 2701 3761 John
2741 3700 2815 3761 de

597 3784 773 3855 Rom,
818 3791 1120 3844 executors
1176 3784 1246 3862 of
1293 3784 1530 3863 Bishop
1586 3782 1771 3853 John,
1828 3782 1955 3842 and
2011 3781 2187 3861 brinq
2245 3782 2406 3842 them
2461 3782 2654 3861 before
2712 3781 2809 3841 the

601 3866 928 3925 Trcasurer
966 3865 1092 3925 and
1133 3864 1372 3925 Barons
1415 3864 1484 3943 of
1522 3864 1619 3923 the
1661 3863 2036 3941 Eaechcquer,
2083 3870 2139 3923 to
2182 3870 2417 3924 ahswcr
2444 3864 2553 3942 for
2593 3883 2634 3923 a
2674 3862 2813 3923 debt

595 3947 666 4026 of
699 3948 831 4007 2341
877 3948 1006 4005 103.
1050 3946 1166 4005 duc
1195 3948 1367 4026 from
1408 3945 1504 4005 his
1547 3952 1733 4005 estate
1777 3951 1835 4005 to
1880 3944 1977 4005 the
2022 3944 2255 4004 Grown.

516 4100 882 4170 Edwardus,
925 4106 1064 4171 etc„
1109 4101 1365 4170 Thome,
1410 4106 1527 4161 etc.
1630 4100 1792 4173 Quia
1848 4100 2122 4160 Thomas
2177 4100 2237 4159 16
2285 4100 2579 4169 Bretone‚
2624 4099 2818 4161 frater

352 4206 392 4266 J
395 4206 664 4266 ohannis
721 4206 780 4266 le
836 4206 1130 4276 Bretone‚
1179 4211 1243 4267 et
1301 4206 1341 4267 J
1343 4206 1624 4267 ohannes
1683 4206 1760 4265 de
1820 4205 1968 4275 Ros,
2028 4210 2393 4265 executores
2452 4206 2815 4267 testamenti

353 4312 618 4391 predicti
652 4312 723 4375 *J
726 4311 995 4372 ohannis
1062 4312 1121 4372 16
1189 4312 1484 4383 Bretone‚
1555 4311 1873 4397 quondam
1943 4309 2243 4390 Episcopi
2314 4309 2815 4383 Herefordensis,

353 4416 559 4478 clerici
623 4422 790 4487 sunt,
850 4422 915 4477 et
971 4437 1100 4476 non
1159 4417 1392 4478 habent
1450 4417 1680 4477 laicum
1749 4416 2020 4486 feodum,
2086 4421 2241 4486 etc.;
2312 4416 2401 4476 ita
2469 4416 2637 4494 quod
2704 4437 2815 4479 eos

355 4523 637 4584 habeatis
705 4543 912 4584 coram
993 4523 1290 4602 predictis
1365 4522 1718 4607 Baronibus
1787 4522 1957 4601 apud
2025 4521 2677 4592 Westmonasterium,
2748 4522 2813 4582 in

353 4630 625 4691 crastino
667 4628 878 4689 Clausi
920 4629 1180 4699 Pasche,
1212 4630 1290 4689 ad
1327 4628 1833 4707 respondendum
1871 4627 2047 4687 fratri
2090 4627 2130 4687 J
2133 4627 2328 4705 oseph
2372 4627 2449 4687 de
2492 4626 2813 4707 Chauncy,

353 4735 552 4795 Priori
601 4733 956 4813 Hospitalis
1008 4734 1222 4795 Sancti
1263 4734 1296 4795 ,J
1305 4734 1572 4795 ohannis
1613 4734 1965 4795 Jerusalem
2007 4733 2072 4791 in
2117 4731 2359 4811 Anglia,
2402 4732 2815 4794 Thesaurario

352 4846 586 4911 nostro,
620 4860 892 4901 unacum
919 4840 1096 4901 vobis
1130 4846 1195 4901 et
1227 4840 1366 4901 aliis
1399 4839 1835 4901 executoribus
1874 4838 2239 4899 testamenti
2273 4838 2554 4917 predicti,
2585 4838 2813 4919 quibus

351 4948 618 5008 eundem
679 4946 842 5006 diem
902 4946 1204 5016 dedimus,
1265 4946 1344 5007 de
1399 4945 1480 5025 xlj
1497 4945 1558 5005 li.
1609 4964 1708 5005 xs.
1760 4964 1919 5025 quos
1980 4944 2299 5024 predictus
2364 4943 2697 5005 defunctus
2752 4944 2811 5005 ei
