<?xml version="1.0" encoding="UTF-8"?>
<!DOCTYPE html PUBLIC "-//W3C//DTD XHTML 1.0 Transitional//EN"
    "http://www.w3.org/TR/xhtml1/DTD/xhtml1-transitional.dtd">
<html xmlns="http://www.w3.org/1999/xhtml" xml:lang="en" lang="en">
 <head>
  <title>
</title>
<meta http-equiv="Content-Type" content="text/html;charset=utf-8" />
  <meta name='ocr-system' content='tesseract 3.04.00' />
  <meta name='ocr-capabilities' content='ocr_page ocr_carea ocr_par ocr_line ocrx_word'/>
</head>
<body>
  <div class='ocr_page' id='page_1' title='image "./canterburyandyo01socigoog_0196.png"; bbox 0 0 3619 5868; ppageno 0'>
   <div class='ocr_carea' id='block_1_1' title="bbox 807 493 2629 584">
    <p class='ocr_par' dir='ltr' id='par_1_1' title="bbox 807 493 2629 584">
     <span class='ocr_line' id='line_1_1' title="bbox 807 493 2629 584; baseline -0.001 -30"><span class='ocrx_word' id='word_1_1' title='bbox 807 493 925 554; x_wconf 83' lang='lat'><strong>104</strong></span> <span class='ocrx_word' id='word_1_2' title='bbox 1299 580 1304 584; x_wconf 21' lang='grc' dir='ltr'>ι</span> <span class='ocrx_word' id='word_1_3' title='bbox 1453 493 1811 572; x_wconf 64' lang='lat' dir='ltr'><strong>Regi-strum</strong></span> <span class='ocrx_word' id='word_1_4' title='bbox 1866 493 2085 554; x_wconf 78' lang='lat' dir='ltr'><strong>Thome</strong></span> <span class='ocrx_word' id='word_1_5' title='bbox 2138 493 2211 554; x_wconf 82' lang='lat' dir='ltr'><strong>de</strong></span> <span class='ocrx_word' id='word_1_6' title='bbox 2296 493 2629 572; x_wconf 79' lang='lat' dir='ltr'><strong>Gantilupo</strong></span> 
     </span>
    </p>
   </div>
   <div class='ocr_carea' id='block_1_2' title="bbox 518 717 3295 4163">
    <p class='ocr_par' dir='ltr' id='par_1_2' title="bbox 813 717 3295 2701">
     <span class='ocr_line' id='line_1_2' title="bbox 817 717 3291 798; baseline -0.001 -18"><span class='ocrx_word' id='word_1_7' title='bbox 817 723 883 780; x_wconf 87' lang='lat' dir='ltr'><strong>et</strong></span> <span class='ocrx_word' id='word_1_8' title='bbox 925 718 1298 790; x_wconf 89' lang='lat' dir='ltr'><strong>Molestone,</strong></span> <span class='ocrx_word' id='word_1_9' title='bbox 1343 717 1423 778; x_wconf 86' lang='lat' dir='ltr'><strong>ad</strong></span> <span class='ocrx_word' id='word_1_10' title='bbox 1464 723 1740 778; x_wconf 89' lang='lat' dir='ltr'><strong>castrum</strong></span> <span class='ocrx_word' id='word_1_11' title='bbox 1783 723 2071 778; x_wconf 89' lang='lat' dir='ltr'><strong>nostrum</strong></span> <span class='ocrx_word' id='word_1_12' title='bbox 2110 718 2187 778; x_wconf 93' lang='lat' dir='ltr'><strong>de</strong></span> <span class='ocrx_word' id='word_1_13' title='bbox 2226 718 2555 797; x_wconf 86' lang='lat' dir='ltr'><strong>Ledebury</strong></span> <span class='ocrx_word' id='word_1_14' title='bbox 2597 718 2805 780; x_wconf 88' lang='lat' dir='ltr'><strong>North</strong></span> <span class='ocrx_word' id='word_1_15' title='bbox 2840 719 2977 798; x_wconf 86' lang='lat' dir='ltr'><strong>jure</strong></span> <span class='ocrx_word' id='word_1_16' title='bbox 3022 719 3291 779; x_wconf 73' lang='lat' dir='ltr'><strong>dominii</strong></span> 
     </span>
     <span class='ocr_line' id='line_1_3' title="bbox 817 822 3295 904; baseline 0 -20"><span class='ocrx_word' id='word_1_17' title='bbox 817 829 1194 902; x_wconf 78' lang='lat' dir='ltr'><strong>spectantes,</strong></span> <span class='ocrx_word' id='word_1_18' title='bbox 1239 844 1396 903; x_wconf 89' lang='lat' dir='ltr'><strong>quas</strong></span> <span class='ocrx_word' id='word_1_19' title='bbox 1455 822 1754 902; x_wconf 83' lang='lat' dir='ltr'>Episcopi</span> <span class='ocrx_word' id='word_1_20' title='bbox 1814 823 2308 884; x_wconf 84' lang='lat' dir='ltr'><strong>Herefordenses</strong></span> <span class='ocrx_word' id='word_1_21' title='bbox 2366 824 2474 904; x_wconf 89' lang='lat' dir='ltr'><strong>qui</strong></span> <span class='ocrx_word' id='word_1_22' title='bbox 2530 843 2645 902; x_wconf 91' lang='lat' dir='ltr'><strong>pro</strong></span> <span class='ocrx_word' id='word_1_23' title='bbox 2702 829 2983 903; x_wconf 88' lang='lat' dir='ltr'><strong>tempore</strong></span> <span class='ocrx_word' id='word_1_24' title='bbox 3038 824 3295 885; x_wconf 83' lang='lat' dir='ltr'><strong>fuerant</strong></span> 
     </span>
     <span class='ocr_line' id='line_1_4' title="bbox 819 928 3291 1009; baseline 0.001 -21"><span class='ocrx_word' id='word_1_25' title='bbox 819 929 1079 1008; x_wconf 89' lang='lat' dir='ltr'><strong>pacifice</strong></span> <span class='ocrx_word' id='word_1_26' title='bbox 1134 934 1434 1009; x_wconf 78' lang='lat' dir='ltr'><strong>tanquam</strong></span> <span class='ocrx_word' id='word_1_27' title='bbox 1493 928 1731 988; x_wconf 88' lang='lat' dir='ltr'><strong>domini</strong></span> <span class='ocrx_word' id='word_1_28' title='bbox 1785 929 2201 1007; x_wconf 88' lang='lat' dir='ltr'><strong>possederunt</strong></span> <span class='ocrx_word' id='word_1_29' title='bbox 2254 929 2383 1008; x_wconf 89' lang='lat' dir='ltr'><strong>jam</strong></span> <span class='ocrx_word' id='word_1_30' title='bbox 2438 949 2551 1008; x_wconf 90' lang='lat' dir='ltr'><strong>per</strong></span> <span class='ocrx_word' id='word_1_31' title='bbox 2604 929 2812 1009; x_wconf 91' lang='lat' dir='ltr'><strong>aliqua</strong></span> <span class='ocrx_word' id='word_1_32' title='bbox 2866 935 3169 1009; x_wconf 87' lang='lat' dir='ltr'><strong>tempora,</strong></span> <span class='ocrx_word' id='word_1_33' title='bbox 3221 931 3291 989; x_wconf 89' lang='lat' dir='ltr'><strong>in</strong></span> 
     </span>
     <span class='ocr_line' id='line_1_5' title="bbox 817 1034 3295 1114; baseline -0 -19"><span class='ocrx_word' id='word_1_34' title='bbox 817 1035 1026 1095; x_wconf 88' lang='lat' dir='ltr'><strong>anime</strong></span> <span class='ocrx_word' id='word_1_35' title='bbox 1065 1055 1177 1095; x_wconf 88' lang='lat' dir='ltr'><strong>sue</strong></span> <span class='ocrx_word' id='word_1_36' title='bbox 1213 1034 1558 1114; x_wconf 89' lang='lat' dir='ltr'><strong>periculum</strong></span> <span class='ocrx_word' id='word_1_37' title='bbox 1589 1034 1893 1094; x_wconf 88' lang='lat' dir='ltr'><strong>violenter</strong></span> <span class='ocrx_word' id='word_1_38' title='bbox 1930 1035 2276 1112; x_wconf 79' lang='lat' dir='ltr'><strong>occupavit,</strong></span> <span class='ocrx_word' id='word_1_39' title='bbox 2312 1040 2376 1094; x_wconf 89' lang='lat' dir='ltr'><strong>et</strong></span> <span class='ocrx_word' id='word_1_40' title='bbox 2414 1055 2521 1096; x_wconf 88' lang='lat' dir='ltr'><strong>eas</strong></span> <span class='ocrx_word' id='word_1_41' title='bbox 2559 1035 2763 1094; x_wconf 90' lang='lat' dir='ltr'><strong>adhuc</strong></span> <span class='ocrx_word' id='word_1_42' title='bbox 2800 1034 3011 1095; x_wconf 85' lang='lat' dir='ltr'><strong>taliter</strong></span> <span class='ocrx_word' id='word_1_43' title='bbox 3046 1035 3295 1096; x_wconf 84' lang='lat' dir='ltr'><strong>detinet</strong></span> 
     </span>
     <span class='ocr_line' id='line_1_6' title="bbox 813 1140 3291 1220; baseline 0.001 -20"><span class='ocrx_word' id='word_1_44' title='bbox 813 1146 1168 1220; x_wconf 75' lang='lat' dir='ltr'>occupatae,</span> <span class='ocrx_word' id='word_1_45' title='bbox 1225 1140 1371 1200; x_wconf 87' lang='lat' dir='ltr'><strong>licet</strong></span> <span class='ocrx_word' id='word_1_46' title='bbox 1425 1160 1537 1219; x_wconf 90' lang='lat' dir='ltr'><strong>per</strong></span> <span class='ocrx_word' id='word_1_47' title='bbox 1591 1140 2095 1218; x_wconf 80' lang='lat' dir='ltr'><strong>predecessorem</strong></span> <span class='ocrx_word' id='word_1_48' title='bbox 2150 1146 2455 1211; x_wconf 88' lang='lat' dir='ltr'><strong>nostrum,</strong></span> <span class='ocrx_word' id='word_1_49' title='bbox 2508 1146 2581 1201; x_wconf 87' lang='lat' dir='ltr'><strong>ut</strong></span> <span class='ocrx_word' id='word_1_50' title='bbox 2626 1140 2997 1212; x_wconf 86' lang='lat' dir='ltr'><strong>audivimus,</strong></span> <span class='ocrx_word' id='word_1_51' title='bbox 3049 1147 3115 1201; x_wconf 88' lang='lat' dir='ltr'><strong>et</strong></span> <span class='ocrx_word' id='word_1_52' title='bbox 3169 1161 3291 1202; x_wconf 88' lang='lat' dir='ltr'><strong>nos</strong></span> 
     </span>
     <span class='ocr_line' id='line_1_7' title="bbox 813 1245 3293 1325; baseline 0 -19"><span class='ocrx_word' id='word_1_53' title='bbox 813 1251 1036 1325; x_wconf 87' lang='lat' dir='ltr'><strong>postea</strong></span> <span class='ocrx_word' id='word_1_54' title='bbox 1119 1265 1306 1324; x_wconf 91' lang='lat' dir='ltr'><strong>super</strong></span> <span class='ocrx_word' id='word_1_55' title='bbox 1386 1245 1792 1306; x_wconf 77' lang='lat' dir='ltr'><strong>restitucione</strong></span> <span class='ocrx_word' id='word_1_56' title='bbox 1876 1245 2185 1306; x_wconf 89' lang='lat' dir='ltr'><strong>dictarum</strong></span> <span class='ocrx_word' id='word_1_57' title='bbox 2266 1246 2555 1306; x_wconf 89' lang='lat' dir='ltr'><strong>villarum</strong></span> <span class='ocrx_word' id='word_1_58' title='bbox 2637 1246 2921 1307; x_wconf 88' lang='lat' dir='ltr'><strong>Ecclesie</strong></span> <span class='ocrx_word' id='word_1_59' title='bbox 3002 1245 3293 1307; x_wconf 83' lang='lat' dir='ltr'><strong>facienda</strong></span> 
     </span>
     <span class='ocr_line' id='line_1_8' title="bbox 813 1351 3288 1432; baseline 0.001 -21"><span class='ocrx_word' id='word_1_60' title='bbox 813 1352 1136 1413; x_wconf 89' lang='lat' dir='ltr'><strong>humiliter</strong></span> <span class='ocrx_word' id='word_1_61' title='bbox 1193 1358 1257 1412; x_wconf 88' lang='lat' dir='ltr'><strong>et</strong></span> <span class='ocrx_word' id='word_1_62' title='bbox 1315 1352 1537 1412; x_wconf 87' lang='lat' dir='ltr'><strong>devote</strong></span> <span class='ocrx_word' id='word_1_63' title='bbox 1595 1351 1819 1412; x_wconf 82' lang='lat' dir='ltr'><strong>fuisset</strong></span> <span class='ocrx_word' id='word_1_64' title='bbox 1878 1351 2089 1431; x_wconf 87' lang='lat' dir='ltr'><strong>sepius</strong></span> <span class='ocrx_word' id='word_1_65' title='bbox 2146 1352 2500 1432; x_wconf 88' lang='lat' dir='ltr'><strong>requisitus.</strong></span> <span class='ocrx_word' id='word_1_66' title='bbox 2624 1352 2713 1412; x_wconf 86' lang='lat' dir='ltr'><strong>Et</strong></span> <span class='ocrx_word' id='word_1_67' title='bbox 2766 1352 2914 1432; x_wconf 85' lang='lat' dir='ltr'><strong>quia</strong></span> <span class='ocrx_word' id='word_1_68' title='bbox 2970 1352 3288 1432; x_wconf 85' lang='lat' dir='ltr'><strong>predictas</strong></span> 
     </span>
     <span class='ocr_line' id='line_1_9' title="bbox 817 1457 3289 1538; baseline 0 -19"><span class='ocrx_word' id='word_1_69' title='bbox 817 1458 1268 1538; x_wconf 90' lang='lat' dir='ltr'><strong>occupaciones</strong></span> <span class='ocrx_word' id='word_1_70' title='bbox 1339 1458 1474 1519; x_wconf 88' lang='lat' dir='ltr'><strong>sine</strong></span> <span class='ocrx_word' id='word_1_71' title='bbox 1544 1457 1742 1536; x_wconf 89' lang='lat' dir='ltr'><strong>ipsius</strong></span> <span class='ocrx_word' id='word_1_72' title='bbox 1809 1458 2133 1538; x_wconf 85' lang='lat' dir='ltr'><strong>nostrique</strong></span> <span class='ocrx_word' id='word_1_73' title='bbox 2212 1464 2276 1518; x_wconf 88' lang='lat' dir='ltr'><strong>et</strong></span> <span class='ocrx_word' id='word_1_74' title='bbox 2354 1458 2638 1520; x_wconf 87' lang='lat' dir='ltr'><strong>Ecclesie</strong></span> <span class='ocrx_word' id='word_1_75' title='bbox 2716 1463 2931 1519; x_wconf 88' lang='lat' dir='ltr'><strong>nostre</strong></span> <span class='ocrx_word' id='word_1_76' title='bbox 3008 1458 3289 1538; x_wconf 83' lang='lat' dir='ltr'><strong>periculo</strong></span> 
     </span>
     <span class='ocr_line' id='line_1_10' title="bbox 813 1564 3287 1642; baseline 0 -17"><span class='ocrx_word' id='word_1_77' title='bbox 813 1565 1077 1625; x_wconf 85' lang='lat' dir='ltr'><strong>ulterius</strong></span> <span class='ocrx_word' id='word_1_78' title='bbox 1130 1564 1394 1624; x_wconf 85' lang='lat' dir='ltr'><strong>tolerare</strong></span> <span class='ocrx_word' id='word_1_79' title='bbox 1453 1584 1581 1624; x_wconf 91' lang='lat' dir='ltr'><strong>non</strong></span> <span class='ocrx_word' id='word_1_80' title='bbox 1637 1583 1975 1642; x_wconf 89' lang='lat' dir='ltr'><strong>possumus</strong></span> <span class='ocrx_word' id='word_1_81' title='bbox 2028 1585 2143 1624; x_wconf 89' lang='lat' dir='ltr'><strong>nec</strong></span> <span class='ocrx_word' id='word_1_82' title='bbox 2202 1564 2518 1634; x_wconf 90' lang='lat' dir='ltr'><strong>debemus,</strong></span> <span class='ocrx_word' id='word_1_83' title='bbox 2562 1570 2781 1624; x_wconf 87' lang='lat' dir='ltr'><strong>contra</strong></span> <span class='ocrx_word' id='word_1_84' title='bbox 2830 1565 3101 1625; x_wconf 88' lang='lat' dir='ltr'><strong>eundem</strong></span> <span class='ocrx_word' id='word_1_85' title='bbox 3151 1571 3287 1625; x_wconf 85' lang='lat' dir='ltr'><strong>tan—</strong></span> 
     </span>
     <span class='ocr_line' id='line_1_11' title="bbox 819 1671 3289 1752; baseline 0 -21"><span class='ocrx_word' id='word_1_86' title='bbox 819 1692 1008 1752; x_wconf 85' lang='lat' dir='ltr'><strong>quam</strong></span> <span class='ocrx_word' id='word_1_87' title='bbox 1053 1671 1422 1750; x_wconf 89' lang='lat' dir='ltr'><strong>sacrilegum</strong></span> <span class='ocrx_word' id='word_1_88' title='bbox 1464 1690 1580 1730; x_wconf 88' lang='lat' dir='ltr'><strong>nos</strong></span> <span class='ocrx_word' id='word_1_89' title='bbox 1621 1671 1956 1749; x_wconf 85' lang='lat' dir='ltr'><strong>procedere</strong></span> <span class='ocrx_word' id='word_1_90' title='bbox 1998 1676 2263 1750; x_wconf 83' lang='lat' dir='ltr'><strong>oportet,</strong></span> <span class='ocrx_word' id='word_1_91' title='bbox 2293 1677 2603 1750; x_wconf 89' lang='lat' dir='ltr'><strong>quatenus</strong></span> <span class='ocrx_word' id='word_1_92' title='bbox 2636 1671 2775 1750; x_wconf 88' lang='lat' dir='ltr'><strong>jura</strong></span> <span class='ocrx_word' id='word_1_93' title='bbox 2808 1675 2872 1731; x_wconf 83' lang='lat' dir='ltr'><strong>et</strong></span> <span class='ocrx_word' id='word_1_94' title='bbox 2912 1671 3289 1732; x_wconf 88' lang='lat' dir='ltr'><strong>Sanctorum</strong></span> 
     </span>
     <span class='ocr_line' id='line_1_12' title="bbox 817 1776 3289 1855; baseline 0.001 -19"><span class='ocrx_word' id='word_1_95' title='bbox 817 1777 1081 1836; x_wconf 89' lang='lat' dir='ltr'><strong>Patrum</strong></span> <span class='ocrx_word' id='word_1_96' title='bbox 1140 1781 1379 1836; x_wconf 89' lang='lat' dir='ltr'><strong>statuta</strong></span> <span class='ocrx_word' id='word_1_97' title='bbox 1437 1776 1703 1836; x_wconf 77' lang='lat' dir='ltr'><strong>suadent</strong></span> <span class='ocrx_word' id='word_1_98' title='bbox 1761 1781 1827 1836; x_wconf 87' lang='lat' dir='ltr'><strong>et</strong></span> <span class='ocrx_word' id='word_1_99' title='bbox 1888 1776 2297 1855; x_wconf 89' lang='lat' dir='ltr'><strong>permittunt;</strong></span> <span class='ocrx_word' id='word_1_100' title='bbox 2362 1777 2548 1855; x_wconf 92' lang='lat' dir='ltr'><strong>quod,</strong></span> <span class='ocrx_word' id='word_1_101' title='bbox 2611 1777 2787 1836; x_wconf 90' lang='lat' dir='ltr'><strong>novit</strong></span> <span class='ocrx_word' id='word_1_102' title='bbox 2850 1777 3043 1848; x_wconf 85' lang='lat' dir='ltr'><strong>Deus,</strong></span> <span class='ocrx_word' id='word_1_103' title='bbox 3107 1778 3289 1838; x_wconf 86' lang='lat' dir='ltr'><strong>valde</strong></span> 
     </span>
     <span class='ocr_line' id='line_1_13' title="bbox 817 1882 3292 1962; baseline 0 -19"><span class='ocrx_word' id='word_1_104' title='bbox 817 1883 1164 1943; x_wconf 85' lang='lat' dir='ltr'><strong>faceremus</strong></span> <span class='ocrx_word' id='word_1_105' title='bbox 1205 1882 1404 1942; x_wconf 91' lang='lat' dir='ltr'><strong>inviti.</strong></span> <span class='ocrx_word' id='word_1_106' title='bbox 1488 1882 1722 1942; x_wconf 90' lang='lat' dir='ltr'><strong>Verum</strong></span> <span class='ocrx_word' id='word_1_107' title='bbox 1765 1902 2145 1962; x_wconf 90' lang='lat' dir='ltr'><strong>quamquam</strong></span> <span class='ocrx_word' id='word_1_108' title='bbox 2181 1887 2399 1942; x_wconf 88' lang='lat' dir='ltr'><strong>contra</strong></span> <span class='ocrx_word' id='word_1_109' title='bbox 2432 1883 2659 1961; x_wconf 88' lang='lat' dir='ltr'><strong>ipsum,</strong></span> <span class='ocrx_word' id='word_1_110' title='bbox 2690 1903 2877 1962; x_wconf 90' lang='lat' dir='ltr'><strong>quem</strong></span> <span class='ocrx_word' id='word_1_111' title='bbox 2906 1883 3292 1944; x_wconf 85' lang='lat' dir='ltr'><strong>sufficienter</strong></span> 
     </span>
     <span class='ocr_line' id='line_1_14' title="bbox 819 1987 3289 2068; baseline 0 -20"><span class='ocrx_word' id='word_1_112' title='bbox 819 1989 1132 2048; x_wconf 89' lang='lat' dir='ltr'><strong>monitum</strong></span> <span class='ocrx_word' id='word_1_113' title='bbox 1202 1993 1266 2048; x_wconf 87' lang='lat' dir='ltr'><strong>et</strong></span> <span class='ocrx_word' id='word_1_114' title='bbox 1335 1993 1620 2066; x_wconf 89' lang='lat' dir='ltr'><strong>rogatum</strong></span> <span class='ocrx_word' id='word_1_115' title='bbox 1683 1987 1995 2048; x_wconf 88' lang='lat' dir='ltr'><strong>credimus</strong></span> <span class='ocrx_word' id='word_1_116' title='bbox 2059 1994 2122 2048; x_wconf 88' lang='lat' dir='ltr'><strong>et</strong></span> <span class='ocrx_word' id='word_1_117' title='bbox 2180 1987 2411 2048; x_wconf 89' lang='lat' dir='ltr'><strong>scimus</strong></span> <span class='ocrx_word' id='word_1_118' title='bbox 2474 1987 2541 2046; x_wconf 93' lang='lat' dir='ltr'><strong>in</strong></span> <span class='ocrx_word' id='word_1_119' title='bbox 2602 1987 2943 2067; x_wconf 87' lang='lat' dir='ltr'><strong>premissis,</strong></span> <span class='ocrx_word' id='word_1_120' title='bbox 3001 1989 3289 2068; x_wconf 86' lang='lat' dir='ltr'><strong>graviora</strong></span> 
     </span>
     <span class='ocr_line' id='line_1_15' title="bbox 815 2093 3287 2173; baseline -0 -18"><span class='ocrx_word' id='word_1_121' title='bbox 815 2101 1092 2155; x_wconf 78' lang='lat' dir='ltr'><strong>statuere</strong></span> <span class='ocrx_word' id='word_1_122' title='bbox 1140 2113 1488 2172; x_wconf 89' lang='lat' dir='ltr'><strong>possemus,</strong></span> <span class='ocrx_word' id='word_1_123' title='bbox 1539 2093 1618 2152; x_wconf 90' lang='lat' dir='ltr'><strong>ad</strong></span> <span class='ocrx_word' id='word_1_124' title='bbox 1672 2113 1932 2172; x_wconf 88' lang='lat' dir='ltr'><strong>presens</strong></span> <span class='ocrx_word' id='word_1_125' title='bbox 1988 2113 2063 2153; x_wconf 83' lang='lat' dir='ltr'><strong>ex</strong></span> <span class='ocrx_word' id='word_1_126' title='bbox 2118 2093 2483 2153; x_wconf 85' lang='lat' dir='ltr'><strong>abundanti¹</strong></span> <span class='ocrx_word' id='word_1_127' title='bbox 2547 2099 2759 2154; x_wconf 90' lang='lat' dir='ltr'><strong>tamen</strong></span> <span class='ocrx_word' id='word_1_128' title='bbox 2815 2093 3023 2173; x_wconf 91' lang='lat' dir='ltr'><strong>ipsum</strong></span> <span class='ocrx_word' id='word_1_129' title='bbox 3080 2095 3287 2154; x_wconf 86' lang='lat' dir='ltr'><strong>adhuc</strong></span> 
     </span>
     <span class='ocr_line' id='line_1_16' title="bbox 819 2197 3286 2278; baseline 0 -18"><span class='ocrx_word' id='word_1_130' title='bbox 819 2200 1076 2278; x_wconf 87' lang='lat' dir='ltr'><strong>dignum</strong></span> <span class='ocrx_word' id='word_1_131' title='bbox 1141 2199 1270 2259; x_wconf 84' lang='lat' dir='ltr'><strong>fore</strong></span> <span class='ocrx_word' id='word_1_132' title='bbox 1334 2198 1623 2258; x_wconf 84' lang='lat' dir='ltr'><strong>duximus</strong></span> <span class='ocrx_word' id='word_1_133' title='bbox 1686 2197 2088 2268; x_wconf 89' lang='lat' dir='ltr'><strong>monendum,</strong></span> <span class='ocrx_word' id='word_1_134' title='bbox 2140 2203 2211 2258; x_wconf 89' lang='lat' dir='ltr'><strong>ut</strong></span> <span class='ocrx_word' id='word_1_135' title='bbox 2271 2218 2704 2278; x_wconf 88' lang='lat' dir='ltr'><strong>perversorum</strong></span> <span class='ocrx_word' id='word_1_136' title='bbox 2765 2199 3161 2277; x_wconf 84' lang='lat' dir='ltr'><strong>protervitas,</strong></span> <span class='ocrx_word' id='word_1_137' title='bbox 3221 2205 3286 2260; x_wconf 85' lang='lat' dir='ltr'><strong>et</strong></span> 
     </span>
     <span class='ocr_line' id='line_1_17' title="bbox 825 2303 3283 2384; baseline 0 -19"><span class='ocrx_word' id='word_1_138' title='bbox 825 2305 1072 2365; x_wconf 86' lang='lat' dir='ltr'><strong>malicia</strong></span> <span class='ocrx_word' id='word_1_139' title='bbox 1113 2324 1330 2365; x_wconf 90' lang='lat' dir='ltr'><strong>eorum</strong></span> <span class='ocrx_word' id='word_1_140' title='bbox 1371 2303 1532 2365; x_wconf 87' lang='lat' dir='ltr'><strong>forte</strong></span> <span class='ocrx_word' id='word_1_141' title='bbox 1573 2303 1681 2382; x_wconf 91' lang='lat' dir='ltr'><strong>qui</strong></span> <span class='ocrx_word' id='word_1_142' title='bbox 1722 2323 1869 2363; x_wconf 90' lang='lat' dir='ltr'><strong>eum</strong></span> <span class='ocrx_word' id='word_1_143' title='bbox 1912 2304 1989 2364; x_wconf 91' lang='lat' dir='ltr'><strong>de</strong></span> <span class='ocrx_word' id='word_1_144' title='bbox 2030 2304 2417 2364; x_wconf 89' lang='lat' dir='ltr'><strong>restituendo</strong></span> <span class='ocrx_word' id='word_1_145' title='bbox 2459 2304 2660 2364; x_wconf 85' lang='lat' dir='ltr'><strong>dictas</strong></span> <span class='ocrx_word' id='word_1_146' title='bbox 2689 2310 2885 2365; x_wconf 89' lang='lat' dir='ltr'><strong>terras</strong></span> <span class='ocrx_word' id='word_1_147' title='bbox 2915 2305 3283 2384; x_wconf 86' lang='lat' dir='ltr'><strong>impediunt,</strong></span> 
     </span>
     <span class='ocr_line' id='line_1_18' title="bbox 815 2409 3281 2491; baseline 0 -21"><span class='ocrx_word' id='word_1_148' title='bbox 815 2411 1113 2491; x_wconf 89' lang='lat' dir='ltr'><strong>liquidius</strong></span> <span class='ocrx_word' id='word_1_149' title='bbox 1163 2410 1226 2468; x_wconf 89' lang='lat' dir='ltr'><strong>in</strong></span> <span class='ocrx_word' id='word_1_150' title='bbox 1283 2409 1573 2470; x_wconf 88' lang='lat' dir='ltr'><strong>omnibus</strong></span> <span class='ocrx_word' id='word_1_151' title='bbox 1629 2409 2098 2469; x_wconf 88' lang='lat' dir='ltr'><strong>convincantur.</strong></span> <span class='ocrx_word' id='word_1_152' title='bbox 2210 2409 2372 2482; x_wconf 85' lang='lat' dir='ltr'><strong>Quia</strong></span> <span class='ocrx_word' id='word_1_153' title='bbox 2420 2409 2611 2488; x_wconf 88' lang='lat' dir='ltr'><strong>igitur</strong></span> <span class='ocrx_word' id='word_1_154' title='bbox 2662 2429 2791 2471; x_wconf 91' lang='lat' dir='ltr'><strong>non</strong></span> <span class='ocrx_word' id='word_1_155' title='bbox 2846 2409 3051 2486; x_wconf 80' lang='lat' dir='ltr'><strong>solum</strong></span> <span class='ocrx_word' id='word_1_156' title='bbox 3106 2411 3281 2490; x_wconf 83' lang='lat' dir='ltr'><strong>juxta</strong></span> 
     </span>
     <span class='ocr_line' id='line_1_19' title="bbox 819 2512 3283 2592; baseline -0.001 -15"><span class='ocrx_word' id='word_1_157' title='bbox 819 2521 1059 2578; x_wconf 86' lang='lat' dir='ltr'><strong>statuta</strong></span> <span class='ocrx_word' id='word_1_158' title='bbox 1092 2514 1392 2574; x_wconf 90' lang='lat' dir='ltr'><strong>canonica</strong></span> <span class='ocrx_word' id='word_1_159' title='bbox 1431 2519 1526 2574; x_wconf 89' lang='lat' dir='ltr'><strong>set</strong></span> <span class='ocrx_word' id='word_1_160' title='bbox 1561 2514 1907 2574; x_wconf 87' lang='lat' dir='ltr'><strong>secundum</strong></span> <span class='ocrx_word' id='word_1_161' title='bbox 1942 2513 2305 2574; x_wconf 86' lang='lat' dir='ltr'><strong>sancciones</strong></span> <span class='ocrx_word' id='word_1_162' title='bbox 2339 2512 2710 2592; x_wconf 78' lang='lat' dir='ltr'><strong>imperialeS,</strong></span> <span class='ocrx_word' id='word_1_163' title='bbox 2745 2513 2933 2574; x_wconf 90' lang='lat' dir='ltr'><strong>unius</strong></span> <span class='ocrx_word' id='word_1_164' title='bbox 2965 2514 3283 2592; x_wconf 82' lang='lat' dir='ltr'><strong>provincie</strong></span> 
     </span>
     <span class='ocr_line' id='line_1_20' title="bbox 819 2618 3285 2701; baseline 0 -21"><span class='ocrx_word' id='word_1_165' title='bbox 819 2641 1036 2701; x_wconf 88' lang='lat' dir='ltr'><strong>preses</strong></span> <span class='ocrx_word' id='word_1_166' title='bbox 1077 2620 1334 2680; x_wconf 87' lang='lat' dir='ltr'><strong>alterius</strong></span> <span class='ocrx_word' id='word_1_167' title='bbox 1375 2619 1642 2698; x_wconf 89' lang='lat' dir='ltr'><strong>presidis</strong></span> <span class='ocrx_word' id='word_1_168' title='bbox 1685 2619 2071 2678; x_wconf 86' lang='lat' dir='ltr'><strong>sentenciam</strong></span> <span class='ocrx_word' id='word_1_169' title='bbox 2114 2618 2179 2676; x_wconf 91' lang='lat' dir='ltr'><strong>in</strong></span> <span class='ocrx_word' id='word_1_170' title='bbox 2222 2639 2337 2679; x_wconf 86' lang='lat' dir='ltr'><strong>sua</strong></span> <span class='ocrx_word' id='word_1_171' title='bbox 2376 2619 2698 2697; x_wconf 89' lang='lat' dir='ltr'><strong>provincia</strong></span> <span class='ocrx_word' id='word_1_172' title='bbox 2734 2619 2951 2699; x_wconf 85' lang='lat' dir='ltr'><strong>exequi</strong></span> <span class='ocrx_word' id='word_1_173' title='bbox 2990 2619 3183 2680; x_wconf 86' lang='lat' dir='ltr'><strong>habet</strong></span> <span class='ocrx_word' id='word_1_174' title='bbox 3221 2625 3285 2680; x_wconf 88' lang='lat' dir='ltr'><strong>et</strong></span> 
     </span>
    </p>

    <p class='ocr_par' dir='ltr' id='par_1_3' title="bbox 518 2723 3283 4163">
     <span class='ocr_line' id='line_1_21' title="bbox 518 2723 3283 2806; baseline 0 -21"><span class='ocrx_word' id='word_1_175' title='bbox 518 2753 620 2796; x_wconf 57' lang='grc' dir='ltr'><strong>μοι,</strong></span> <span class='ocrx_word' id='word_1_176' title='bbox 644 2751 742 2795; x_wconf 69' lang='lat'><strong>³21³.</strong></span> <span class='ocrx_word' id='word_1_177' title='bbox 823 2726 1141 2806; x_wconf 87' lang='lat' dir='ltr'><strong>publicare</strong></span> <span class='ocrx_word' id='word_1_178' title='bbox 1179 2745 1323 2785; x_wconf 91' lang='lat' dir='ltr'><strong>cum</strong></span> <span class='ocrx_word' id='word_1_179' title='bbox 1361 2724 1610 2796; x_wconf 81' lang='lat' dir='ltr'><strong>effectu,</strong></span> <span class='ocrx_word' id='word_1_180' title='bbox 1651 2723 2107 2784; x_wconf 73' lang='lat' dir='ltr'><strong>fraternitatem</strong></span> <span class='ocrx_word' id='word_1_181' title='bbox 2148 2729 2423 2784; x_wconf 86' lang='lat' dir='ltr'><strong>vestram</strong></span> <span class='ocrx_word' id='word_1_182' title='bbox 2464 2725 2530 2784; x_wconf 90' lang='lat' dir='ltr'><strong>in</strong></span> <span class='ocrx_word' id='word_1_183' title='bbox 2573 2725 2847 2785; x_wconf 89' lang='lat' dir='ltr'><strong>Domino</strong></span> <span class='ocrx_word' id='word_1_184' title='bbox 2886 2745 3182 2804; x_wconf 82' lang='lat' dir='ltr'><strong>rogamus</strong></span> <span class='ocrx_word' id='word_1_185' title='bbox 3222 2731 3283 2786; x_wconf 88' lang='lat' dir='ltr'><strong>et</strong></span> 
     </span>
     <span class='ocr_line' id='line_1_22' title="bbox 813 2831 3281 2912; baseline 0 -18"><span class='ocrx_word' id='word_1_186' title='bbox 813 2832 1207 2912; x_wconf 74' lang='lat' dir='ltr'><strong>requirimuS,</strong></span> <span class='ocrx_word' id='word_1_187' title='bbox 1269 2852 1414 2893; x_wconf 90' lang='lat' dir='ltr'><strong>cum</strong></span> <span class='ocrx_word' id='word_1_188' title='bbox 1484 2831 1794 2891; x_wconf 89' lang='lat' dir='ltr'><strong>instancia</strong></span> <span class='ocrx_word' id='word_1_189' title='bbox 1863 2851 1987 2910; x_wconf 89' lang='lat' dir='ltr'><strong>qua</strong></span> <span class='ocrx_word' id='word_1_190' title='bbox 2053 2851 2389 2910; x_wconf 90' lang='lat' dir='ltr'><strong>possumus</strong></span> <span class='ocrx_word' id='word_1_191' title='bbox 2456 2832 2761 2912; x_wconf 88' lang='lat' dir='ltr'><strong>ampliori,</strong></span> <span class='ocrx_word' id='word_1_192' title='bbox 2831 2834 2999 2912; x_wconf 91' lang='lat' dir='ltr'><strong>quod</strong></span> <span class='ocrx_word' id='word_1_193' title='bbox 3060 2839 3281 2894; x_wconf 81' lang='lat' dir='ltr'><strong>mutua</strong></span> 
     </span>
     <span class='ocr_line' id='line_1_23' title="bbox 815 2937 3279 3019; baseline 0 -20"><span class='ocrx_word' id='word_1_194' title='bbox 815 2938 1265 3007; x_wconf 86' lang='lat' dir='ltr'><strong>vicissitudine,</strong></span> <span class='ocrx_word' id='word_1_195' title='bbox 1329 2937 1409 2997; x_wconf 96' lang='lat' dir='ltr'><strong>ob</strong></span> <span class='ocrx_word' id='word_1_196' title='bbox 1473 2937 1845 2998; x_wconf 88' lang='lat' dir='ltr'><strong>universalis</strong></span> <span class='ocrx_word' id='word_1_197' title='bbox 1904 2937 2183 2997; x_wconf 87' lang='lat' dir='ltr'><strong>Ecclesie</strong></span> <span class='ocrx_word' id='word_1_198' title='bbox 2242 2937 2574 2997; x_wconf 92' lang='lat' dir='ltr'><strong>comodum</strong></span> <span class='ocrx_word' id='word_1_199' title='bbox 2636 2942 2701 2997; x_wconf 86' lang='lat' dir='ltr'><strong>et</strong></span> <span class='ocrx_word' id='word_1_200' title='bbox 2762 2937 3083 3010; x_wconf 86' lang='lat' dir='ltr'><strong>honorem,</strong></span> <span class='ocrx_word' id='word_1_201' title='bbox 3144 2959 3279 3019; x_wconf 85' lang='lat' dir='ltr'><strong>pre-</strong></span> 
     </span>
     <span class='ocr_line' id='line_1_24' title="bbox 817 3042 3279 3122; baseline 0.001 -19"><span class='ocrx_word' id='word_1_202' title='bbox 817 3044 1056 3103; x_wconf 79' lang='lat' dir='ltr'><strong>dictum</strong></span> <span class='ocrx_word' id='word_1_203' title='bbox 1115 3042 1490 3122; x_wconf 89' lang='lat' dir='ltr'><strong>Principem,</strong></span> <span class='ocrx_word' id='word_1_204' title='bbox 1541 3042 1619 3103; x_wconf 92' lang='lat' dir='ltr'><strong>de</strong></span> <span class='ocrx_word' id='word_1_205' title='bbox 1670 3062 1794 3122; x_wconf 93' lang='lat' dir='ltr'><strong>quo</strong></span> <span class='ocrx_word' id='word_1_206' title='bbox 1848 3042 2267 3102; x_wconf 88' lang='lat' dir='ltr'><strong>verisimiliter</strong></span> <span class='ocrx_word' id='word_1_207' title='bbox 2316 3042 2468 3101; x_wconf 87' lang='lat' dir='ltr'><strong>talia</strong></span> <span class='ocrx_word' id='word_1_208' title='bbox 2518 3042 2720 3102; x_wconf 90' lang='lat' dir='ltr'><strong>audiri</strong></span> <span class='ocrx_word' id='word_1_209' title='bbox 2776 3062 2903 3103; x_wconf 92' lang='lat' dir='ltr'><strong>non</strong></span> <span class='ocrx_word' id='word_1_210' title='bbox 2962 3043 3279 3117; x_wconf 86' lang='lat' dir='ltr'><strong>deberent,</strong></span> 
     </span>
     <span class='ocr_line' id='line_1_25' title="bbox 813 3148 3282 3228; baseline 0.001 -19"><span class='ocrx_word' id='word_1_211' title='bbox 813 3149 1142 3228; x_wconf 84' lang='lat' dir='ltr'><strong>diligenter</strong></span> <span class='ocrx_word' id='word_1_212' title='bbox 1185 3149 1493 3209; x_wconf 89' lang='lat' dir='ltr'><strong>moneatis</strong></span> <span class='ocrx_word' id='word_1_213' title='bbox 1535 3154 1599 3209; x_wconf 91' lang='lat' dir='ltr'><strong>et</strong></span> <span class='ocrx_word' id='word_1_214' title='bbox 1641 3148 1975 3209; x_wconf 86' lang='lat' dir='ltr'><strong>efficaciter</strong></span> <span class='ocrx_word' id='word_1_215' title='bbox 2014 3148 2326 3208; x_wconf 89' lang='lat' dir='ltr'><strong>inducatis</strong></span> <span class='ocrx_word' id='word_1_216' title='bbox 2367 3148 2535 3227; x_wconf 92' lang='lat' dir='ltr'><strong>quod</strong></span> <span class='ocrx_word' id='word_1_217' title='bbox 2575 3148 2887 3228; x_wconf 86' lang='lat' dir='ltr'><strong>predictas</strong></span> <span class='ocrx_word' id='word_1_218' title='bbox 2930 3154 3059 3211; x_wconf 87' lang='lat' dir='ltr'><strong>tres</strong></span> <span class='ocrx_word' id='word_1_219' title='bbox 3100 3150 3282 3211; x_wconf 79' lang='lat' dir='ltr'><strong>villas</strong></span> 
     </span>
     <span class='ocr_line' id='line_1_26' title="bbox 818 3253 3278 3333; baseline 0.001 -20"><span class='ocrx_word' id='word_1_220' title='bbox 818 3254 896 3314; x_wconf 89' lang='lat' dir='ltr'><strong>de</strong></span> <span class='ocrx_word' id='word_1_221' title='bbox 939 3254 1264 3325; x_wconf 86' lang='lat' dir='ltr'><strong>Chestrok,</strong></span> <span class='ocrx_word' id='word_1_222' title='bbox 1309 3254 1563 3323; x_wconf 88' lang='lat' dir='ltr'><strong>Astone‚</strong></span> <span class='ocrx_word' id='word_1_223' title='bbox 1609 3259 1672 3314; x_wconf 88' lang='lat' dir='ltr'><strong>et</strong></span> <span class='ocrx_word' id='word_1_224' title='bbox 1717 3253 2069 3313; x_wconf 89' lang='lat' dir='ltr'><strong>Molestone</strong></span> <span class='ocrx_word' id='word_1_225' title='bbox 2112 3253 2273 3313; x_wconf 84' lang='lat' dir='ltr'><strong>infra</strong></span> <span class='ocrx_word' id='word_1_226' title='bbox 2314 3273 2595 3315; x_wconf 90' lang='lat' dir='ltr'><strong>mensem</strong></span> <span class='ocrx_word' id='word_1_227' title='bbox 2650 3274 2687 3313; x_wconf 91' lang='lat' dir='ltr'><strong>a</strong></span> <span class='ocrx_word' id='word_1_228' title='bbox 2742 3260 3025 3333; x_wconf 90' lang='lat' dir='ltr'><strong>tempore</strong></span> <span class='ocrx_word' id='word_1_229' title='bbox 3080 3257 3278 3317; x_wconf 89' lang='lat' dir='ltr'><strong>moni-</strong></span> 
     </span>
     <span class='ocr_line' id='line_1_27' title="bbox 815 3359 3277 3439; baseline 0 -18"><span class='ocrx_word' id='word_1_230' title='bbox 815 3360 1014 3421; x_wconf 91' lang='lat' dir='ltr'><strong>cionis</strong></span> <span class='ocrx_word' id='word_1_231' title='bbox 1069 3380 1182 3439; x_wconf 91' lang='lat' dir='ltr'><strong>per</strong></span> <span class='ocrx_word' id='word_1_232' title='bbox 1229 3380 1340 3421; x_wconf 89' lang='lat' dir='ltr'><strong>vos</strong></span> <span class='ocrx_word' id='word_1_233' title='bbox 1396 3359 1677 3420; x_wconf 81' lang='lat' dir='ltr'><strong>faciende</strong></span> <span class='ocrx_word' id='word_1_234' title='bbox 1733 3359 1935 3419; x_wconf 89' lang='lat' dir='ltr'><strong>eidem</strong></span> <span class='ocrx_word' id='word_1_235' title='bbox 1992 3359 2274 3420; x_wconf 90' lang='lat' dir='ltr'><strong>Ecclesie</strong></span> <span class='ocrx_word' id='word_1_236' title='bbox 2330 3365 2543 3420; x_wconf 89' lang='lat' dir='ltr'><strong>nostre</strong></span> <span class='ocrx_word' id='word_1_237' title='bbox 2602 3366 2665 3421; x_wconf 88' lang='lat' dir='ltr'><strong>et</strong></span> <span class='ocrx_word' id='word_1_238' title='bbox 2727 3360 2907 3421; x_wconf 89' lang='lat' dir='ltr'><strong>nobis</strong></span> <span class='ocrx_word' id='word_1_239' title='bbox 2964 3361 3277 3433; x_wconf 85' lang='lat' dir='ltr'><strong>restituat,</strong></span> 
     </span>
     <span class='ocr_line' id='line_1_28' title="bbox 810 3465 3279 3545; baseline 0 -18"><span class='ocrx_word' id='word_1_240' title='bbox 810 3472 875 3528; x_wconf 88' lang='lat' dir='ltr'><strong>et</strong></span> <span class='ocrx_word' id='word_1_241' title='bbox 945 3468 1021 3527; x_wconf 92' lang='lat' dir='ltr'><strong>de</strong></span> <span class='ocrx_word' id='word_1_242' title='bbox 1091 3466 1392 3545; x_wconf 88' lang='lat' dir='ltr'><strong>injuriosa</strong></span> <span class='ocrx_word' id='word_1_243' title='bbox 1458 3465 1875 3545; x_wconf 86' lang='lat' dir='ltr'><strong>occupacione</strong></span> <span class='ocrx_word' id='word_1_244' title='bbox 1934 3465 2070 3525; x_wconf 91' lang='lat' dir='ltr'><strong>Deo</strong></span> <span class='ocrx_word' id='word_1_245' title='bbox 2139 3470 2203 3524; x_wconf 88' lang='lat' dir='ltr'><strong>et</strong></span> <span class='ocrx_word' id='word_1_246' title='bbox 2262 3465 2543 3525; x_wconf 90' lang='lat' dir='ltr'><strong>Ecclesie</strong></span> <span class='ocrx_word' id='word_1_247' title='bbox 2606 3465 2963 3526; x_wconf 86' lang='lat' dir='ltr'><strong>satisfacere</strong></span> <span class='ocrx_word' id='word_1_248' title='bbox 3026 3468 3279 3528; x_wconf 82' lang='lat' dir='ltr'><strong>studeat</strong></span> 
     </span>
     <span class='ocr_line' id='line_1_29' title="bbox 817 3570 3281 3652; baseline 0 -19"><span class='ocrx_word' id='word_1_249' title='bbox 817 3578 1248 3652; x_wconf 88' lang='lat' dir='ltr'><strong>competenter</strong></span> <span class='ocrx_word' id='word_1_250' title='bbox 1265 3590 1280 3642; x_wconf 90' lang='lat'>;</span> <span class='ocrx_word' id='word_1_251' title='bbox 1341 3571 1792 3632; x_wconf 87' lang='lat' dir='ltr'><strong>denunciantes</strong></span> <span class='ocrx_word' id='word_1_252' title='bbox 1841 3570 2042 3631; x_wconf 90' lang='lat' dir='ltr'><strong>eidem</strong></span> <span class='ocrx_word' id='word_1_253' title='bbox 2092 3571 2276 3650; x_wconf 88' lang='lat' dir='ltr'><strong>quod,</strong></span> <span class='ocrx_word' id='word_1_254' title='bbox 2319 3570 2443 3631; x_wconf 90' lang='lat' dir='ltr'><strong>nisi</strong></span> <span class='ocrx_word' id='word_1_255' title='bbox 2491 3570 2725 3642; x_wconf 84' lang='lat' dir='ltr'><strong>fecerit,</strong></span> <span class='ocrx_word' id='word_1_256' title='bbox 2774 3592 3019 3633; x_wconf 82' lang='lat' dir='ltr'><strong>exnunc</strong></span> <span class='ocrx_word' id='word_1_257' title='bbox 3062 3579 3281 3634; x_wconf 87' lang='lat' dir='ltr'><strong>contra</strong></span> 
     </span>
     <span class='ocr_line' id='line_1_30' title="bbox 817 3676 3277 3761; baseline 0 -22"><span class='ocrx_word' id='word_1_258' title='bbox 817 3678 1087 3739; x_wconf 88' lang='lat' dir='ltr'><strong>eundem</strong></span> <span class='ocrx_word' id='word_1_259' title='bbox 1128 3677 1501 3757; x_wconf 88' lang='lat' dir='ltr'><strong>procedetur</strong></span> <span class='ocrx_word' id='word_1_260' title='bbox 1540 3682 1852 3757; x_wconf 87' lang='lat' dir='ltr'><strong>quatenus</strong></span> <span class='ocrx_word' id='word_1_261' title='bbox 1892 3676 2059 3755; x_wconf 91' lang='lat' dir='ltr'><strong>rigor</strong></span> <span class='ocrx_word' id='word_1_262' title='bbox 2096 3676 2253 3756; x_wconf 86' lang='lat' dir='ltr'><strong>juris</strong></span> <span class='ocrx_word' id='word_1_263' title='bbox 2286 3682 2349 3737; x_wconf 86' lang='lat' dir='ltr'><strong>et</strong></span> <span class='ocrx_word' id='word_1_264' title='bbox 2382 3677 2679 3756; x_wconf 88' lang='lat' dir='ltr'><strong>equitatis</strong></span> <span class='ocrx_word' id='word_1_265' title='bbox 2712 3678 2877 3738; x_wconf 90' lang='lat' dir='ltr'><strong>racio</strong></span> <span class='ocrx_word' id='word_1_266' title='bbox 2906 3678 3277 3761; x_wconf 84' lang='lat' dir='ltr'><strong>suadebunt.</strong></span> 
     </span>
     <span class='ocr_line' id='line_1_31' title="bbox 819 3782 3277 3863; baseline 0 -19"><span class='ocrx_word' id='word_1_267' title='bbox 819 3783 984 3859; x_wconf 84' lang='lat' dir='ltr'><strong>Quid</strong></span> <span class='ocrx_word' id='word_1_268' title='bbox 1039 3803 1186 3845; x_wconf 88' lang='lat' dir='ltr'><strong>vero</strong></span> <span class='ocrx_word' id='word_1_269' title='bbox 1243 3803 1431 3863; x_wconf 88' lang='lat' dir='ltr'><strong>super</strong></span> <span class='ocrx_word' id='word_1_270' title='bbox 1485 3783 1608 3843; x_wconf 91' lang='lat' dir='ltr'><strong>hiis</strong></span> <span class='ocrx_word' id='word_1_271' title='bbox 1649 3782 1827 3843; x_wconf 88' lang='lat' dir='ltr'><strong>vobis</strong></span> <span class='ocrx_word' id='word_1_272' title='bbox 1883 3783 2085 3843; x_wconf 84' lang='lat' dir='ltr'><strong>facere</strong></span> <span class='ocrx_word' id='word_1_273' title='bbox 2139 3782 2442 3861; x_wconf 88' lang='lat' dir='ltr'><strong>placuerit</strong></span> <span class='ocrx_word' id='word_1_274' title='bbox 2497 3789 2561 3843; x_wconf 88' lang='lat' dir='ltr'><strong>et</strong></span> <span class='ocrx_word' id='word_1_275' title='bbox 2616 3783 2906 3853; x_wconf 81' lang='lat' dir='ltr'><strong>feceritis,</strong></span> <span class='ocrx_word' id='word_1_276' title='bbox 2950 3804 3025 3843; x_wconf 90' lang='lat' dir='ltr'><strong>ac</strong></span> <span class='ocrx_word' id='word_1_277' title='bbox 3080 3784 3277 3845; x_wconf 89' lang='lat' dir='ltr'><strong>eciam</strong></span> 
     </span>
     <span class='ocr_line' id='line_1_32' title="bbox 815 3888 3276 3969; baseline 0 -19"><span class='ocrx_word' id='word_1_278' title='bbox 815 3891 893 3951; x_wconf 91' lang='lat' dir='ltr'><strong>de</strong></span> <span class='ocrx_word' id='word_1_279' title='bbox 950 3909 1252 3969; x_wconf 87' lang='lat' dir='ltr'><strong>responso</strong></span> <span class='ocrx_word' id='word_1_280' title='bbox 1310 3889 1509 3967; x_wconf 86' lang='lat' dir='ltr'><strong>ipsius</strong></span> <span class='ocrx_word' id='word_1_281' title='bbox 1563 3889 1893 3967; x_wconf 89' lang='lat' dir='ltr'><strong>Principis,</strong></span> <span class='ocrx_word' id='word_1_282' title='bbox 1945 3888 2125 3949; x_wconf 90' lang='lat' dir='ltr'><strong>nobis</strong></span> <span class='ocrx_word' id='word_1_283' title='bbox 2180 3889 2235 3949; x_wconf 88' lang='lat' dir='ltr'><strong>si</strong></span> <span class='ocrx_word' id='word_1_284' title='bbox 2290 3889 2494 3969; x_wconf 87' lang='lat' dir='ltr'><strong>placet</strong></span> <span class='ocrx_word' id='word_1_285' title='bbox 2549 3889 2931 3968; x_wconf 90' lang='lat' dir='ltr'><strong>quamcicius</strong></span> <span class='ocrx_word' id='word_1_286' title='bbox 2988 3890 3276 3969; x_wconf 87' lang='lat' dir='ltr'><strong>poteritis</strong></span> 
     </span>
     <span class='ocr_line' id='line_1_33' title="bbox 813 3994 3271 4075; baseline -0.001 -18"><span class='ocrx_word' id='word_1_287' title='bbox 813 4002 1100 4057; x_wconf 85' lang='lat' dir='ltr'><strong>constare</strong></span> <span class='ocrx_word' id='word_1_288' title='bbox 1155 3995 1399 4057; x_wconf 84' lang='lat' dir='ltr'><strong>faciatis</strong></span> <span class='ocrx_word' id='word_1_289' title='bbox 1453 4016 1566 4075; x_wconf 91' lang='lat' dir='ltr'><strong>per</strong></span> <span class='ocrx_word' id='word_1_290' title='bbox 1619 3996 1862 4056; x_wconf 84' lang='lat' dir='ltr'><strong>litteras</strong></span> <span class='ocrx_word' id='word_1_291' title='bbox 1918 4002 2158 4056; x_wconf 86' lang='lat' dir='ltr'><strong>vestras</strong></span> <span class='ocrx_word' id='word_1_292' title='bbox 2212 4000 2519 4075; x_wconf 88' lang='lat' dir='ltr'><strong>patentes,</strong></span> <span class='ocrx_word' id='word_1_293' title='bbox 2577 3994 2801 4055; x_wconf 90' lang='lat' dir='ltr'><strong>harum</strong></span> <span class='ocrx_word' id='word_1_294' title='bbox 2856 3996 3085 4056; x_wconf 90' lang='lat' dir='ltr'><strong>seriem</strong></span> <span class='ocrx_word' id='word_1_295' title='bbox 3133 4016 3271 4056; x_wconf 83' lang='lat' dir='ltr'><strong>con·</strong></span> 
     </span>
     <span class='ocr_line' id='line_1_34' title="bbox 809 4102 1104 4163; baseline -0.007 0"><span class='ocrx_word' id='word_1_296' title='bbox 809 4102 1104 4163; x_wconf 85' lang='lat' dir='ltr'><strong>tinentes.</strong></span> 
     </span>
    </p>
   </div>
   <div class='ocr_carea' id='block_1_3' title="bbox 817 4370 3272 4627">
    <p class='ocr_par' dir='ltr' id='par_1_4' title="bbox 817 4370 3272 4627">
     <span class='ocr_line' id='line_1_35' title="bbox 817 4370 3271 4452; baseline 0 -19"><span class='ocrx_word' id='word_1_297' title='bbox 817 4374 969 4434; x_wconf 86' lang='lat' dir='ltr'><strong>Nov.</strong></span> <span class='ocrx_word' id='word_1_298' title='bbox 1047 4372 1748 4451; x_wconf 77' lang='lat' dir='ltr'><strong>3.·-—Acknowled9⁴ment</strong></span> <span class='ocrx_word' id='word_1_299' title='bbox 1830 4372 1900 4451; x_wconf 92' lang='lat' dir='ltr'><strong>of</strong></span> <span class='ocrx_word' id='word_1_300' title='bbox 1976 4372 2072 4431; x_wconf 70' lang='lat' dir='ltr'><strong>the</strong></span> <span class='ocrx_word' id='word_1_301' title='bbox 2139 4370 2403 4447; x_wconf 76' lang='lat' dir='ltr'><strong>annuity</strong></span> <span class='ocrx_word' id='word_1_302' title='bbox 2470 4370 2588 4431; x_wconf 78' lang='lat' dir='ltr'><strong>duc</strong></span> <span class='ocrx_word' id='word_1_303' title='bbox 2672 4377 2729 4430; x_wconf 86' lang='lat' dir='ltr'><strong>to</strong></span> <span class='ocrx_word' id='word_1_304' title='bbox 2813 4370 2910 4430; x_wconf 75' lang='lat' dir='ltr'><strong>the</strong></span> <span class='ocrx_word' id='word_1_305' title='bbox 2992 4370 3271 4452; x_wconf 75' lang='lat' dir='ltr'><strong>Bishop’s</strong></span> 
     </span>
     <span class='ocr_line' id='line_1_36' title="bbox 1063 4450 3272 4533; baseline 0 -19"><span class='ocrx_word' id='word_1_306' title='bbox 1063 4454 1408 4533; x_wconf 77' lang='lat' dir='ltr'><strong>champion,</strong></span> <span class='ocrx_word' id='word_1_307' title='bbox 1457 4454 1715 4515; x_wconf 78' lang='lat' dir='ltr'><strong>Thomas</strong></span> <span class='ocrx_word' id='word_1_308' title='bbox 1771 4454 1842 4532; x_wconf 89' lang='lat' dir='ltr'><strong>of</strong></span> <span class='ocrx_word' id='word_1_309' title='bbox 1888 4452 2286 4529; x_wconf 74' lang='lat' dir='ltr'><strong>Bridqmrth,</strong></span> <span class='ocrx_word' id='word_1_310' title='bbox 2328 4451 2461 4512; x_wconf 84' lang='lat' dir='ltr'><strong>who</strong></span> <span class='ocrx_word' id='word_1_311' title='bbox 2516 4450 2571 4511; x_wconf 77' lang='lat' dir='ltr'><strong>is</strong></span> <span class='ocrx_word' id='word_1_312' title='bbox 2625 4450 2814 4529; x_wconf 75' lang='lat' dir='ltr'><strong>ready</strong></span> <span class='ocrx_word' id='word_1_313' title='bbox 2858 4458 2915 4511; x_wconf 76' lang='lat' dir='ltr'><strong>to</strong></span> <span class='ocrx_word' id='word_1_314' title='bbox 2963 4452 3272 4514; x_wconf 73' lang='lat' dir='ltr'><strong>mintain</strong></span> 
     </span>
     <span class='ocr_line' id='line_1_37' title="bbox 1063 4532 2839 4627; baseline -0.002 -33"><span class='ocrx_word' id='word_1_315' title='bbox 1063 4536 1134 4595; x_wconf 79' lang='lat' dir='ltr'><strong>in</strong></span> <span class='ocrx_word' id='word_1_316' title='bbox 1173 4536 1317 4595; x_wconf 82' lang='lat' dir='ltr'><strong>duel</strong></span> <span class='ocrx_word' id='word_1_317' title='bbox 1361 4534 1456 4595; x_wconf 70' lang='lat' dir='ltr'><strong>his</strong></span> <span class='ocrx_word' id='word_1_318' title='bbox 1498 4534 1696 4612; x_wconf 76' lang='lat' dir='ltr'><strong>riqhts</strong></span> <span class='ocrx_word' id='word_1_319' title='bbox 1739 4534 1986 4612; x_wconf 76' lang='lat' dir='ltr'><strong>aqainst</strong></span> <span class='ocrx_word' id='word_1_320' title='bbox 2031 4533 2127 4593; x_wconf 81' lang='lat' dir='ltr'><strong>the</strong></span> <span class='ocrx_word' id='word_1_321' title='bbox 2168 4532 2330 4593; x_wconf 82' lang='lat' dir='ltr'><strong>Earl</strong></span> <span class='ocrx_word' id='word_1_322' title='bbox 2369 4533 2439 4611; x_wconf 91' lang='lat' dir='ltr'><strong>of</strong></span> <span class='ocrx_word' id='word_1_323' title='bbox 2474 4532 2839 4627; x_wconf 53' lang='lat' dir='ltr'><strong>Glouccster.</strong></span> 
     </span>
    </p>
   </div>
   <div class='ocr_carea' id='block_1_4' title="bbox 817 4687 3261 4877">
    <p class='ocr_par' dir='ltr' id='par_1_5' title="bbox 817 4687 3261 4877">
     <span class='ocr_line' id='line_1_38' title="bbox 980 4687 3261 4759; baseline 0 -9"><span class='ocrx_word' id='word_1_324' title='bbox 980 4691 1216 4751; x_wconf 71' lang='lat' dir='ltr'><strong>Tnoun</strong></span> <span class='ocrx_word' id='word_1_325' title='bbox 1259 4708 1347 4750; x_wconf 74' lang='lat' dir='ltr'><strong>nn</strong></span> <span class='ocrx_word' id='word_1_326' title='bbox 1391 4690 1664 4750; x_wconf 73' lang='lat' dir='ltr'><strong>Bauons</strong></span> <span class='ocrx_word' id='word_1_327' title='bbox 1707 4688 2343 4750; x_wconf 65' lang='lat' dir='ltr'><strong>Pomm—Omnibus</strong></span> <span class='ocrx_word' id='word_1_328' title='bbox 2386 4688 2619 4749; x_wconf 88' lang='lat' dir='ltr'><strong>Christi</strong></span> <span class='ocrx_word' id='word_1_329' title='bbox 2662 4687 2949 4750; x_wconf 89' lang='lat' dir='ltr'><strong>fidelibus</strong></span> <span class='ocrx_word' id='word_1_330' title='bbox 2984 4690 3261 4759; x_wconf 84' lang='lat' dir='ltr'><strong>Thomas,</strong></span> 
     </span>
     <span class='ocr_line' id='line_1_39' title="bbox 817 4794 3260 4877; baseline -0 -20"><span class='ocrx_word' id='word_1_331' title='bbox 817 4797 936 4858; x_wconf 91' lang='lat' dir='ltr'><strong>Dei</strong></span> <span class='ocrx_word' id='word_1_332' title='bbox 979 4797 1184 4877; x_wconf 87' lang='lat' dir='ltr'><strong>gracia</strong></span> <span class='ocrx_word' id='word_1_333' title='bbox 1226 4796 1580 4875; x_wconf 89' lang='lat' dir='ltr'><strong>Episcopus</strong></span> <span class='ocrx_word' id='word_1_334' title='bbox 1629 4796 2129 4865; x_wconf 77' lang='lat' dir='ltr'><strong>HerefordensiS,</strong></span> <span class='ocrx_word' id='word_1_335' title='bbox 2174 4795 2459 4865; x_wconf 86' lang='lat' dir='ltr'><strong>salutem,</strong></span> <span class='ocrx_word' id='word_1_336' title='bbox 2502 4800 2619 4855; x_wconf 86' lang='lat' dir='ltr'><strong>etc.</strong></span> <span class='ocrx_word' id='word_1_337' title='bbox 2724 4794 2990 4856; x_wconf 88' lang='lat' dir='ltr'><strong>Noverit</strong></span> <span class='ocrx_word' id='word_1_338' title='bbox 3031 4797 3260 4857; x_wconf 85' lang='lat' dir='ltr'><strong>univer·</strong></span> 
     </span>
    </p>
   </div>
   <div class='ocr_carea' id='block_1_5' title="bbox 1737 4930 2361 4973">
    <p class='ocr_par' dir='ltr' id='par_1_6' title="bbox 1737 4930 2361 4973">
     <span class='ocr_line' id='line_1_40' title="bbox 1737 4930 2361 4973; baseline 0 -2"><span class='ocrx_word' id='word_1_339' title='bbox 1737 4934 1861 4972; x_wconf 83' lang='lat' dir='ltr'><strong>l—ln</strong></span> <span class='ocrx_word' id='word_1_340' title='bbox 1892 4933 1993 4973; x_wconf 80' lang='lat' dir='ltr'><strong>MS.</strong></span> <span class='ocrx_word' id='word_1_341' title='bbox 2022 4930 2361 4971; x_wconf 61' lang='lat' dir='ltr'><strong>habundanti.</strong></span> 
     </span>
    </p>
   </div>
   <div class='ocr_carea' id='block_1_6' title="bbox 3580 13 3583 1622">
    <p class='ocr_par' dir='ltr' id='par_1_7' title="bbox 3580 13 3583 1622">
     <span class='ocr_line' id='line_1_41' title="bbox 3580 13 3583 1622; baseline 0 0"><span class='ocrx_word' id='word_1_342' title='bbox 3580 13 3583 1622; x_wconf 95' lang='lat' dir='ltr'><strong> </strong></span> 
     </span>
    </p>
   </div>
  </div>
 </body>
</html>
