3619 5868
89 4435 184 4477 Fol.
208 4434 300 4477 Mb.

1188 539 1488 620 Episcopi
1542 539 2026 620 Hercfordcmis.
2721 541 2838 602 113

379 763 676 825 resistere
719 763 1066 835 sustinetis,
1111 763 1311 835 nobis,
1369 763 1476 844 qui
1531 771 1752 824 noctes
1807 764 2172 842 insompnes
2222 764 2509 825 ducimus
2551 771 2621 824 ut
2663 764 2839 824 vobis

378 873 444 928 et
485 868 626 929 aliis
667 869 946 949 quietem
987 887 1414 948 preparemuS,
1459 869 1899 929 consiliis—ne
1943 869 2226 930 dicamus
2268 869 2841 948 conspiracionibus

379 995 576 1036 —vos
632 975 1018 1055 preparastis
1073 975 1413 1053 insurgere,
1459 975 1757 1034 admirari
1815 994 1938 1034 non
2002 975 2345 1035 sufficimus
2398 977 2463 1034 in
2518 975 2845 1054 premissis

384 1101 508 1161 que
550 1101 744 1142 causa
784 1082 881 1142 vel
931 1082 1178 1142 occasio
1218 1087 1422 1142 vestre
1464 1081 1825 1142 resistencie
1876 1099 1986 1142 seu
2034 1080 2391 1142 rebellionis
2446 1101 2582 1142 esse
2630 1088 2841 1162 queat,

379 1207 526 1248 cum
568 1188 942 1248 intencionis
984 1194 1198 1249 nostre
1240 1206 1559 1266 nunquam
1605 1187 1791 1247 fuerit
1831 1187 1897 1246 in
1933 1187 2127 1247 vestri
2154 1187 2569 1266 prejudicium
2608 1186 2843 1265 aliquid

381 1299 782 1372 attemptare,
833 1300 1020 1373 prout
1074 1313 1186 1372 per
1240 1303 1520 1354 nostram
1579 1293 2107 1370 protestacionem
2165 1292 2283 1352 sub
2337 1312 2531 1352 manu
2587 1292 2841 1371 publica

386 1399 562 1460 vobis
603 1401 934 1460 recitatam
978 1400 1226 1479 plenius
1266 1399 1648 1478 perpendere
1689 1397 2025 1476 potuistis;
2083 1397 2269 1468 unde,
2314 1403 2385 1458 ut
2432 1397 2839 1476 prediximuS,

381 1508 552 1567 ultra
614 1507 679 1566 id
740 1507 906 1586 quod
969 1525 1305 1585 possumus
1365 1505 1749 1566 admiramur
1803 1524 1933 1575 cur,
1987 1505 2048 1564 in
2108 1511 2389 1564 nostrum
2452 1504 2722 1564 dedecus
2780 1509 2845 1564 et

383 1611 784 1691 vituperium,
831 1611 1068 1672 sactum
1114 1619 1402 1671 nostrum
1443 1610 1618 1670 vobis
1661 1610 2023 1671 nullatenus
2064 1609 2467 1688 prejudiciale
2501 1614 2845 1669 retractare

384 1724 449 1778 et
493 1717 572 1777 ab
626 1708 897 1797 inceptis
945 1717 1226 1777 totaliter
1281 1715 1582 1777 desistere
1637 1735 1748 1794 per
1789 1725 2039 1776 vestras
2083 1716 2324 1775 litteras
2372 1733 2490 1774 nos
2532 1715 2841 1792 rogastis;

384 1823 684 1883 dilectum
757 1824 820 1882 in
893 1823 1146 1884 Christo
1215 1821 1412 1883 filium
1488 1824 1861 1900 magistrum
1940 1822 2142 1882 Adam
2226 1821 2303 1880 de
2380 1821 2616 1899 Fileby,
2696 1840 2839 1881 con-

384 1929 757 1989 canonicum
787 1935 1086 1997 vestrum,
1121 1928 1198 1989 ad
1239 1947 1354 1988 nos
1391 1927 1919 1998 transmittentes,
1960 1927 2068 2005 qui
2105 1927 2285 1987 nobis
2317 1946 2389 1986 ex
2426 1931 2605 2004 parte
2632 1932 2847 1988 vestra

388 2035 656 2113 quedam
697 2055 838 2114 que,
871 2041 941 2095 ut
970 2035 1147 2095 vobis
1183 2041 1245 2095 et
1285 2033 1402 2094 sibi
1441 2054 1582 2094 vere
1617 2033 1961 2104 videbatur,
2003 2034 2064 2093 in
2103 2033 2516 2112 prejudicium
2556 2038 2621 2093 et
2665 2032 2841 2126 liber-

383 2140 536 2200 tatis
580 2141 856 2220 Capituli
900 2141 1088 2201 vestri
1133 2140 1434 2201 lesionem
1476 2139 1901 2211 vertebantur,
1933 2140 2010 2200 de
2052 2139 2279 2220 quibus
2323 2139 2503 2199 nobis
2552 2140 2613 2198 in
2664 2147 2845 2219 parte

384 2247 745 2325 scripsistis,
778 2247 1023 2324 plenius
1065 2246 1448 2324 explanavit.
1535 2245 1670 2306 Nos
1713 2265 1861 2324 ergo
1903 2245 2110 2305 licium
2157 2245 2486 2305 materiam
2531 2245 2841 2316 dirimere,
2926 2285 2933 2292 ·

384 2353 668 2413 fomitem
709 2353 833 2412 odii
873 2359 935 2412 et
974 2351 1280 2412 discordie
1317 2351 1640 2412 destruere
1678 2351 1982 2412 radicitus
2024 2350 2415 2422 affectantes,
2458 2350 2525 2409 in
2562 2350 2687 2410 hiis
2722 2370 2845 2429 que

382 2460 743 2538 Capitulum
796 2479 964 2518 mere
985 2459 1385 2536 tcontingunt
1427 2457 1833 2536 supersedere
1874 2457 2163 2517 volumus
2204 2457 2485 2517 indilate.
2601 2457 2676 2516 In
2722 2458 2846 2518 hiis

385 2570 596 2626 autem
643 2585 763 2643 que
794 2565 873 2624 ad
905 2566 1196 2624 Decanos
1224 2565 1542 2642 pertinent
1577 2565 1867 2624 volumus
1904 2562 2224 2623 remissius
2262 2563 2485 2642 exequi
2518 2563 2844 2640 negocium

382 2670 771 2740 inchoatum,
817 2670 1055 2729 factum
1100 2679 1388 2729 nostrum
1431 2688 1556 2748 quo
1605 2669 1684 2730 ad
1729 2689 1837 2730 eos
1879 2689 2006 2729 non
2043 2669 2109 2728 in
2148 2675 2279 2729 toto
2320 2675 2704 2740 revocantes,
2746 2677 2845 2731 set

382 2777 620 2854 pociuS,
658 2776 882 2836 vestris
922 2784 984 2835 et
1023 2775 1285 2854 predicti
1326 2775 1610 2853 Magistri
1650 2773 1841 2856 A[de]
1878 2794 2132 2853 precum
2172 2774 2501 2834 instanciis
2538 2775 2842 2848 inclinati,

387 2880 796 2942 tolerabiliter
839 2887 1245 2960 expectantes
1285 2900 1484 2961 usque
1526 2881 1588 2941 in
1634 2881 2013 2962 quindenam
2062 2881 2276 2941 Sancti
2319 2881 2573 2941 Hillarii
2596 2900 2611 2953 ;
2658 2887 2749 2954 ut,
2790 2881 2843 2943 si

391 3005 505 3048 vos
554 2988 802 3047 interim
856 2987 1128 3065 aliquam
1179 2987 1345 3047 viam
1395 2988 1760 3048 inveneritis
1808 3007 1935 3067 qua
1980 2988 2181 3066 possit
2228 2986 2635 3047 iminentibus
2683 2988 2842 3065 peri-

381 3093 540 3153 culis
583 3093 840 3164 obviari,
882 3093 1148 3153 eandem
1187 3095 1252 3151 in
1293 3093 1560 3153 termino
1600 3094 1885 3171 predicto
1926 3094 2127 3165 nobis,
2173 3093 2279 3154 ubi
2323 3106 2475 3154 tunc
2516 3094 2839 3169 fuerimus,

383 3204 814 3277 presentatam
857 3198 1295 3277 approbemus,
1342 3206 1452 3258 aut
1496 3218 1655 3270 eam,
1703 3200 1754 3259 si
1799 3206 2039 3259 statum
2090 3205 2375 3259 nostrum
2419 3219 2547 3260 non
2596 3201 2837 3273 deceat,

380 3305 791 3382 reprobantes
821 3304 1228 3365 correccionis
1258 3304 1528 3365 officium
1559 3304 1913 3366 districcius
1942 3325 2337 3385 exequamur.
2429 3307 2841 3369 Voluntatem

383 3411 551 3470 enim
593 3417 871 3470 nostram
913 3416 976 3470 et
1017 3410 1438 3470 intencionem
1474 3412 1539 3469 in
1572 3411 1895 3490 premissis
1932 3411 2234 3488 magistro
2265 3411 2415 3483 Ade,
2446 3414 2837 3491 presencium

379 3516 688 3595 portitori,
759 3516 1188 3575 commisimus
1256 3515 1432 3575 vobis
1499 3516 1746 3594 plenius
1816 3517 2302 3595 explanandum.
2430 3518 2838 3579 Voluntatem

381 3628 658 3682 vestram
691 3622 753 3680 in
785 3620 907 3681 hiis
937 3627 999 3680 et
1039 3621 1176 3681 aliis
1211 3621 1390 3682 nobis
1424 3641 1536 3700 per
1569 3627 1814 3682 vestras
1850 3622 2093 3683 litteras
2127 3623 2451 3683 intimetis.
2540 3624 2836 3686 Valeatis.

381 3730 621 3790 Datum
669 3729 836 3808 apud
886 3727 1110 3805 Arleye
1154 3727 1334 3806 juxta
1385 3728 1686 3806 Redinge,
1741 3728 1842 3806 xvj
1898 3728 2221 3789 Kalendas
2269 3730 2575 3800 Januarii,
2626 3730 2841 3790 Ponti-

377 3835 608 3895 ficatus
650 3834 849 3895 nostri
893 3853 1057 3893 anno
1099 3833 1394 3893 secund0.

380 4091 536 4151 Nov.
580 4076 890 4149 19.—The
923 4089 1146 4166 Mayor
1178 4088 1304 4147 and
1341 4088 1592 4148 citizens
1627 4089 1698 4166 of
1728 4088 2030 4167 Hereford
2067 4108 2171 4148 are
2207 4088 2458 4166 notzfied
2497 4090 2630 4149 that
2667 4089 2844 4151 [ulae

625 4170 698 4231 dc
758 4172 908 4229 Rrec
970 4169 1024 4229 is
1085 4168 1362 4246 charch,
1424 4169 1498 4246 by
1561 4168 1877 4246 authority
1939 4170 2010 4247 of
2067 4169 2163 4229 the
2224 4170 2477 4249 Bishop,
2534 4171 2688 4229 with
2744 4170 2843 4231 the

615 4250 1022 4331 jurisdiction
1065 4248 1377 4327 belonqinq
1421 4256 1478 4309 to
1524 4248 1621 4309 the
1660 4250 1821 4327 office
1861 4251 1931 4329 of
1964 4249 2158 4309 Decm.

545 4410 681 4469 Pno
730 4426 1072 4469 DEOANATU
1123 4407 2050 4478 HEREFORDENSI.-ThomaS,
2094 4412 2236 4479 etc„
2287 4407 2516 4485 Majori
2565 4414 2627 4468 et
2675 4427 2840 4468 com-

381 4515 679 4576 munitati
730 4515 957 4574 civium
1011 4512 1302 4574 Civitatis
1350 4514 1628 4592 predicte
1679 4514 1971 4585 salutem,
2022 4523 2142 4574 etc.
2260 4514 2511 4575 Sincere
2561 4515 2844 4575 caritatis

379 4621 664 4691 affectus,
710 4639 894 4699 quem
939 4639 1086 4697 erga
1126 4638 1238 4680 vos
1279 4624 1351 4680 ut
1393 4618 1654 4680 dilectos
1697 4619 1761 4678 in
1807 4619 2059 4680 Christo
2096 4618 2259 4679 filios
2288 4619 2596 4680 hactenus
2625 4619 2843 4680 habui·

381 4746 526 4789 mus
569 4726 839 4787 corditer
879 4734 945 4785 et
988 4725 1316 4796 habemus,
1359 4744 1476 4785 nos
1511 4724 1827 4795 admonet,
1857 4724 2099 4785 inducit
2132 4723 2367 4804 pariter
2398 4730 2460 4784 et
2503 4725 2843 4804 compellit,

379 4843 452 4896 ut
494 4834 572 4895 ad
618 4854 692 4893 ea
732 4852 853 4913 que
897 4831 1128 4892 bonum
1171 4831 1366 4911 pacis,
1409 4831 1901 4911 tranquillitatis,
1943 4835 2007 4891 et
2050 4830 2375 4890 concordie
2417 4830 2592 4892 vobis
2634 4850 2843 4891 creare

381 4961 496 5003 seu
537 4939 872 5001 salubriter
914 4937 1208 4998 inducere
1248 4943 1546 5016 poterunt
1591 4936 1742 4997 totis
1777 4936 2121 4997 visceribus
2163 4936 2587 4996 intendamus.
2672 4934 2845 4995 Hinc
