3619 5868
1204 491 1502 571 Episcopi
1559 491 1632 550 H
1626 493 2040 571 erefordcnsis.
2733 499 2854 558 249

391 721 510 776 etc.
596 716 900 794 Magister
940 715 1190 776 Ardicio
1231 717 1412 777 nobis
1454 718 1770 797 quandam
1813 738 1992 778 suam
2034 719 2307 780 litteram
2344 721 2852 800 supplicatoriam

393 821 766 900 nuperrime,
816 822 1212 901 presentibus
1266 822 1688 893 interclusam,
1745 823 1938 893 misit,
1993 844 2264 884 unacum
2320 826 2590 905 quadam
2644 827 2857 888 littera

393 933 611 988 nostra
658 933 915 1007 patente
963 928 1140 988 vobis
1189 933 1252 989 et
1302 929 1600 1008 magistro
1650 928 1907 990 Gifredo
1955 931 2032 990 de
2076 929 2369 1002 Vezano¹,
2417 931 2853 995 cameracensi

393 1034 729 1104 CanonicO,
773 1035 1010 1095 directa
1052 1035 1458 1114 conjunctim,
1500 1041 1688 1114 prout
1737 1056 1813 1096 ex
1856 1036 2250 1115 inspeccione
2292 1038 2571 1116 ejusdem
2616 1039 2851 1118 liquido

391 1141 623 1220 poterit
647 1160 968 1220 apparere.
1054 1141 1141 1200 Et
1183 1142 1497 1220 quoniam,
1527 1146 1673 1201 ante
1716 1147 2003 1203 nostrum
2044 1163 2359 1204 recessum
2402 1144 2480 1204 ab
2516 1145 2755 1224 Anglia,
2785 1146 2851 1205 in

389 1251 602 1307 mente
670 1245 1096 1306 ordinavimus
1165 1247 1331 1325 quod
1399 1247 1697 1325 magistro
1767 1245 2137 1330 W[illelmo]
2224 1249 2301 1309 de
2377 1250 2599 1311 Monte
2676 1249 2852 1311 Forti

389 1352 737 1432 proximam
809 1358 1138 1412 vacantem
1206 1351 1605 1430 prebendam,
1675 1372 1790 1412 sua
1860 1353 2253 1432 aliquatenus
2328 1354 2717 1434 pinguiorem
2787 1361 2855 1417 et

391 1459 840 1519 Herefordensi
889 1458 1171 1519 Ecclesie
1226 1458 1597 1537 propiorem,
1649 1459 1929 1520 caritatis
1978 1459 2214 1520 intuitu
2262 1460 2718 1534 conferremus;
2779 1483 2854 1524 ac

389 1583 502 1642 per
558 1564 821 1623 eandem
883 1563 1051 1623 viam
1119 1563 1185 1622 in
1248 1583 1374 1623 non
1431 1564 1636 1624 dando
1697 1563 1981 1643 petitam,
2052 1571 2332 1625 nostram
2397 1566 2852 1626 conscienciam

391 1669 630 1730 illesam
687 1669 912 1730 melius
960 1670 1306 1748 poterimus
1360 1690 1762 1741 conservare;
1835 1671 1925 1730 ita
1972 1670 2261 1731 videlicet
2314 1677 2386 1732 ut
2442 1672 2495 1732 is
2553 1693 2666 1751 pro
2728 1694 2855 1753 quo

389 1777 595 1837 dictus
638 1777 934 1856 magister
974 1776 1223 1836 Ardicio
1265 1776 1525 1855 porrigit
1567 1776 1746 1836 nobis
1788 1797 2024 1856 preces,
2055 1777 2107 1836 si
2150 1778 2431 1856 ydoneus
2473 1777 2679 1848 fuerit,
2714 1799 2849 1858 pre-

389 1881 657 1942 bendam
717 1882 998 1961 magistri
1056 1882 1134 1941 W
1156 1881 1416 1959 [illelmi]
1489 1881 1717 1942 habeat
1780 1883 2127 1953 memorati,
2192 1903 2265 1944 ac
2325 1884 2492 1944 idem
2554 1887 2855 1964 magister

389 1988 743 2050 Willelmus
785 1989 987 2067 ipsam
1029 2008 1218 2068 quam
1247 1988 1434 2048 modo
1463 1992 1636 2048 tenet
1678 1987 1977 2067 magister
2011 1987 2258 2049 Ardicio
2291 1990 2495 2051 valeat
2534 1991 2848 2070 optinere;

386 2094 564 2156 vobis
634 2095 1006 2154 mandamus
1069 2093 1364 2173 quatinus
1427 2112 1572 2172 erga
1633 2094 1902 2154 eundem
1968 2093 2338 2172 magistrum
2402 2093 2855 2177 A[rdicionem]
2906 2142 2913 2148 .

386 2202 637 2262 instetis
672 2201 932 2261 viriliter
963 2201 1132 2281 quod
1164 2201 1328 2260 dicte
1361 2201 1673 2279 prebende
1706 2203 2053 2261 secundum
2087 2202 2250 2263 hanc
2283 2209 2565 2264 nostram
2606 2205 2849 2265 ordina·

387 2309 650 2376 cionem,
696 2328 808 2368 suo
851 2307 1242 2386 beneplacito
1277 2307 1609 2377 mediante,
1639 2307 1827 2366 modo
1870 2313 2171 2368 annotato
2200 2309 2486 2387 superius
2528 2309 2848 2370 conferan-

385 2419 507 2473 tur.
607 2413 942 2474 Mallemus
983 2417 1459 2492 verumptamen
1503 2412 1668 2491 quod
1716 2412 1924 2472 dictus
1973 2413 2271 2492 magister
2320 2413 2622 2497 A[rdicio]
2669 2435 2849 2475 suam

384 2519 765 2598 prebendam
807 2519 1105 2580 retineret
1145 2524 1216 2577 ut
1264 2518 1472 2597 prius;
1517 2518 1594 2578 ad
1637 2537 1827 2596 quam
1868 2519 2136 2578 eundem
2178 2539 2292 2597 pro
2320 2519 2555 2579 viribus
2597 2519 2847 2580 induca-

385 2627 487 2686 tis.
594 2625 894 2686 Arborem
935 2625 1104 2686 enim
1148 2625 1540 2704 peregrinam
1581 2624 1681 2684 vel
1722 2644 1850 2684 non
1890 2623 2373 2686 fructificantem
2415 2646 2542 2685 non
2584 2626 2853 2688 libenter

387 2731 453 2790 in
495 2737 633 2791 orto
676 2736 909 2802 nostro,
953 2731 1076 2790 nisi
1111 2730 1310 2800 inviti,
1355 2729 1518 2790 sicut
1545 2750 1662 2790 nec
1703 2731 2021 2800 condecet,
2064 2730 2510 2810 plantaremus.
2595 2731 2691 2790 Ad
2733 2733 2853 2792 hec
2918 2745 2925 2752 ·

388 2838 700 2898 mittimus
749 2837 925 2898 vobis
974 2837 1424 2916 transcriptum
1466 2836 1794 2915 cujusdam
1844 2836 2049 2896 littere
2092 2856 2279 2916 quam
2328 2835 2509 2896 nobis
2552 2837 2853 2916 magister

386 2943 761 3004 Edmundus
820 2944 897 3005 de
957 2942 1325 3013 Warefelde,
1383 2948 1598 3003 noster
1654 2943 2030 3003 Procurator
2088 2942 2152 3001 in
2209 2941 2414 3013 Curia,
2473 2942 2811 3003 destinavit
2829 2962 2845 3015 ;

385 3050 562 3112 vobis
605 3051 978 3110 mandantes
1023 3049 1320 3129 quatinus
1365 3069 1553 3127 super
1596 3048 1889 3108 omnibus
1932 3054 1996 3108 et
2052 3047 2313 3127 singulis
2369 3048 2648 3108 articulis
2704 3068 2845 3109 nos-

347 3162 516 3217 =tras
565 3176 786 3217 causas
836 3156 900 3215 in
950 3155 1118 3215 dicta
1167 3154 1356 3215 Curia
1403 3152 1825 3233 tangentibuS,
1868 3158 1932 3213 et
1974 3153 2039 3212 in
2082 3153 2219 3232 ipsa
2259 3153 2470 3214 littera
2512 3154 2845 3226 contentiS,

385 3262 566 3323 nobis
621 3282 734 3341 per
779 3259 1303 3321 intervenientem
1357 3259 1711 3338 proximum
1766 3264 2048 3319 vestrum
2090 3257 2419 3326 consilium
2470 3258 2847 3319 rescribatis.

385 3368 680 3429 Ceterum
763 3366 1172 3445 allegaciones
1250 3370 1511 3433 vestrae,
1581 3368 1646 3423 et
1727 3362 1991 3423 aliorum
2075 3361 2383 3423 sociorum
2468 3368 2846 3433 nostrorum,

386 3473 660 3533 Domino
729 3472 1214 3550 Archiepiscopo
1283 3476 1548 3550 utroque
1617 3469 1716 3529 die
1785 3469 2156 3548 propositas,
2227 3468 2294 3526 in
2362 3474 2669 3548 quantum
2739 3488 2850 3528 eas

385 3580 671 3659 poteritis
712 3578 1086 3657 recolligere,
1129 3577 1310 3638 nobis
1352 3576 1469 3637 sub
1511 3575 1712 3655 sigillo
1754 3581 1965 3636 vestro
1994 3575 2438 3635 transmittatis
2480 3574 2546 3633 in
2575 3574 2845 3652 scriptis,

383 3686 680 3748 Valeatis.
792 3685 1030 3745 Datum
1088 3685 1255 3763 apud
1310 3685 1578 3744 Pontem
1632 3684 1710 3743 de
1773 3682 2188 3751 Charentone,
2246 3682 2287 3760 ij
2348 3682 2502 3741 Idus
2557 3680 2842 3759 Augusti,

383 3813 550 3853 anno
620 3791 876 3852 Domini
946 3789 1458 3851 M0GG0LXXX0.
1570 3790 1823 3868 Vosque
1913 3808 2057 3848 cum
2146 3787 2503 3866 supradicto
2545 3786 2849 3863 magistro

385 3898 444 3958 G
464 3897 705 3975 [ifredo]
767 3900 1147 3975 potestatem
1195 3899 1476 3955 nostram
1526 3893 1831 3955 habentes
1880 3894 1957 3954 de
2003 3892 2335 3972 prebendis
2384 3891 2843 3969 suprascriptiS,

383 4024 530 4063 cum
590 4002 964 4073 vacaverint,
1021 4000 1412 4061 conferendis
1465 4000 1602 4060 vice
1655 4004 1889 4068 nostra,
1945 3997 2325 4077 prebendam
2381 3997 2458 4057 de
2513 3995 2845 4075 Inteberge

384 4112 464 4171 ad
505 4110 706 4171 instar
737 4109 1094 4170 collacionis
1135 4112 1348 4167 nostre
1377 4107 1454 4167 de
1481 4105 1796 4185 prebenda
1839 4106 1915 4165 de
1958 4104 2250 4164 Mortone
2292 4103 2545 4163 domino
2574 4101 2846 4162 Radulfo

385 4218 462 4278 de
505 4217 843 4295 Hengham
884 4214 1066 4285 facte,
1110 4233 1231 4293 que
1276 4212 1341 4271 in
1387 4211 1579 4272 tercio
1623 4210 1982 4289 precedenti
2032 4208 2179 4269 folio
2227 4208 2610 4287 registratur,
2662 4207 2843 4284 cujus

385 4324 834 4403 transcriptum
881 4320 1058 4383 vobis
1107 4318 1614 4387 transmittimus,
1665 4316 1977 4395 Philippo,
2023 4314 2237 4395 nepoti
2287 4314 2436 4375 dicti
2486 4311 2839 4393 primicerii,

384 4429 737 4489 conferatis.
859 4427 1026 4486 Data
1082 4430 1151 4485 ut
1208 4424 1494 4504 superius
1535 4423 1601 4482 in
1657 4424 1775 4482 hac
1825 4422 2050 4481 littera.

508 4562 797 4611 1—Geoffrey
831 4562 890 4603 de
925 4563 1113 4603 Vezano
1137 4572 1240 4603 was
1267 4572 1298 4601 a
1323 4558 1450 4601 clerk
1474 4558 1525 4601 of
1549 4561 1633 4600 the
1660 4560 1829 4605 Pope's
1863 4557 2102 4603 chamber.
2138 4555 2371 4599 Collector
2402 4553 2453 4596 of
2486 4555 2568 4595 the
2600 4554 2739 4595 tenth
2774 4551 2852 4611 fop-

379 4616 462 4655 the
492 4615 613 4661 Holy
655 4614 785 4655 Land
823 4613 870 4653 in
909 4610 1139 4658 England.
1177 4609 1464 4653 afterwards
1502 4608 1649 4656 Papa!
1687 4608 1885 4655 Nuncio.
1925 4609 2088 4650 Canon
2122 4606 2173 4649 of
2210 4608 2439 4649 chartres
2478 4604 2571 4647 and
2608 4602 2847 4649 Cambrm.

380 4664 474 4706 and
502 4662 671 4711 finally
699 4665 877 4710 Bishon
903 4661 952 4703 of
979 4663 1168 4703 Parma.
