3619 5868
39 1012 138 1053 ²01.
178 1012 282 1054 lsb.

1191 556 1492 637 Episcopi
1544 558 1619 617 H
1614 558 2029 637 erefordensis.
2763 564 2839 623 41

540 781 732 844 Carta
772 782 1014 863 Psgsni
1055 782 1134 843 de
1181 782 1489 861 Moubrey
1521 782 1599 843 de
1639 782 1661 861 j
1708 784 2028 863 mesuagio
2064 785 2175 862 etj
2208 786 2451 885 virgatas
2482 791 2664 857 terre,
2698 805 2842 848 cum

369 877 796 965 pertinenciis,
829 880 1143 941 concessis
1176 879 1308 941 Ade
1335 880 1413 941 de
1445 880 1800 959 Moubray
1783 898 1851 941 ln
1883 880 2281 955 Presteburv.

541 996 730 1057 Carta.
789 996 1090 1057 Willelmi
1148 998 1442 1075 Symonis
1498 997 1577 1057 de
1629 998 2030 1078 Prestebury,
2079 998 2156 1059 de
2205 999 2417 1078 quieta.
2465 999 2843 1062 clamatione

373 1092 636 1155 dimidie
680 1094 914 1173 virgete
957 1100 1120 1157 terre
1166 1115 1310 1155 cum
1353 1094 1758 1175 pertinenciis
1785 1096 2101 1156 concessis
2146 1097 2275 1157 Ade
2316 1096 2395 1157 de
2441 1097 2749 1178 Moubrey
2776 1098 2843 1159 in

371 1199 778 1280 Prestebury.

540 1318 731 1380 Carta.
781 1320 1042 1381 Walteri
1087 1320 1165 1381 de
1211 1320 1615 1400 Haverberge
1660 1321 1736 1381 de
1783 1326 1953 1383 terra
2000 1327 2064 1382 et
2107 1322 2488 1383 tenementis
2528 1324 2843 1385 concessis

371 1414 654 1477 «Iohanni
685 1416 763 1477 de
792 1417 1149 1478 Notteclive
1177 1417 1244 1477 in
1275 1417 1847 1497 Sevenhamptone.

541 1535 735 1597 Gai-ts.
786 1535 1084 1597 willelmi
1140 1536 1218 1597 de
1275 1536 1651 1609 Notteclive,
1709 1536 1786 1598 de
1842 1538 1863 1617 j
1924 1538 2164 1617 virgata
2220 1544 2383 1599 terre
2432 1538 2497 1599 in
2549 1538 2842 1620 Cloppele

372 1652 680 1694 concessa.
720 1633 996 1694 Roberto
1039 1633 1330 1695 Andrew.

541 1752 730 1814 Carta
760 1753 1018 1813 Roberti
1046 1753 1159 1813 filii
1189 1753 1454 1814 Walteri
1484 1753 1761 1825 Cherlot,
1781 1753 1862 1815 de
1887 1753 1909 1833 j
1942 1754 2201 1814 dimidia
2240 1754 2480 1833 virgata
2506 1760 2668 1816 terre
2696 1774 2840 1816 cum

368 1850 698 1929 mesuagio
739 1849 801 1910 in
849 1850 1188 1931 Oloppelle.
1925 1890 1931 1898 -

543 1969 737 2030 Certa.
767 1970 1050 2041 Henrici‚
1081 1968 1194 2029 filii
1235 1968 1515 2042 Roberti,
1547 1970 1624 2031 de
1668 1977 1839 2031 terre.
1881 1971 1945 2030 in
1988 1970 2138 2032 villa
2178 1969 2257 2031 de
2298 1970 2835 2050 Brokhamptone‚

369 2074 451 2135 de
513 2075 850 2154 Cloppelle,
909 2076 987 2136 de
1049 2076 1486 2153 Wyntewelle,
1544 2096 1846 2138 concessa.
1894 2096 2039 2138 cum
2080 2077 2400 2156 mesuagio
2440 2076 2479 2138 J
2484 2078 2720 2138 ohanni
2762 2078 2841 2138 de

371 2172 752 2234 Notteclive.

535 2290 615 2351 In
684 2291 810 2352 alia.
865 2291 1076 2370 pixide
1146 2296 1324 2353 carte.
1392 2291 1431 2352 J
1455 2292 1769 2371 [ohannis]
1858 2292 2177 2372 Episcopi,
2254 2296 2364 2371 [et]
2437 2293 2838 2354 confirmacio

368 2396 665 2477 Capituli.
752 2398 916 2459 Item
958 2398 1174 2479 quieta
1215 2397 1515 2459 clamucio
1559 2399 1788 2477 Rogeri
1831 2397 1909 2459 de
1954 2397 2401 2477 Hyntlesham.

532 2520 698 2580 Item
757 2527 934 2581 carta
990 2520 1226 2582 domini
1283 2521 1454 2582 Petri
1510 2521 1588 2582 de
1652 2520 2059 2600 Bromptone,
2124 2527 2189 2581 et
2258 2521 2473 2601 quiete.
2534 2521 2837 2582 clemacio

368 2626 676 2705 ejusdem.

531 2743 697 2804 Item
740 2742 1013 2824 quedam
1054 2743 1263 2804 littere
1305 2743 1385 2805 de
1429 2749 1768 2805 attornato.
1854 2744 1945 2804 Et
1986 2743 2200 2804 omnis.
2240 2743 2525 2823 predicta
2567 2748 2717 2805 sunt
2757 2744 2837 2805 de

367 2880 538 2936 terra.
567 2873 647 2934 de
677 2873 974 2955 Cloppele
1001 2878 1066 2936 et
1096 2874 1318 2937 Asshe.

529 2993 698 3054 Item
741 2993 964 3054 cedula
1005 2993 1336 3054 continens
1377 3013 1740 3072 processum
1781 2995 1950 3055 inter
1989 2993 2375 3074 Episcopum
2418 2994 2729 3055 Thomem
2771 2998 2834 3055 et

361 3097 692 3160 dominum
721 3100 775 3159 P
794 3101 1045 3178 [etrum]
1091 3099 1170 3160 de
1200 3099 1590 3178 Bromptone
1619 3099 1695 3160 de
1723 3100 1909 3161 dictis
1940 3101 2140 3161 terris.

528 3222 669 3283 Hec
714 3220 988 3301 reposita.
1027 3220 1284 3282 fuerunt
1327 3221 1393 3281 in
1437 3221 1480 3301 ij
1513 3222 1848 3302 pixidibus,
1880 3222 1946 3282 in
1976 3241 2123 3283 erce,
2149 3221 2215 3282 in
2244 3221 2519 3302 capitulo
2545 3221 2830 3284 Ecclesie

365 3327 872 3398 Herefordensis,
897 3326 998 3387 die
1024 3326 1255 3389 Sancte
1283 3328 1589 3408 Milburge
1610 3349 1722 3408 per
1749 3328 2091 3389 Ricardum
2120 3327 2197 3388 de
2225 3327 2638 3407 Cleyhangre,
2663 3346 2832 3388 anno

361 3432 626 3494 Domini
659 3431 1124 3494 M⁰CC⁰LXX⁰
1151 3433 1374 3513 quinto
1402 3431 1521 3494 sub
1549 3432 1727 3511 signo
1755 3432 2054 3513 Episcopi
2084 3431 2340 3495 Thome.

359 3687 510 3748 Feb.
553 3688 1033 3750 22.—Mandate
1061 3689 1131 3768 of
1164 3687 1489 3749 induction
1530 3694 1589 3747 to
1633 3687 1730 3747 the
1771 3687 2023 3765 custody
2057 3687 2127 3765 os
2162 3685 2437 3746 Humber
2482 3685 2727 3746 Ghurch
2765 3685 2839 3764 of

609 3767 776 3908 e{olm
824 3768 899 3830 de
952 3770 1138 3840 Cava,
1181 3769 1499 3848 presented
1549 3768 1624 3847 by
1677 3767 1938 3828 Thomas
1993 3768 2321 3844 Costentyn
2367 3766 2493 3826 and
2544 3766 2639 3826 his
2688 3766 2831 3846 wzje

653 3869 874 3910 canna.

529 3993 998 4053 Eumne-X
1055 3993 1382 4055 Kalendas
1456 3992 1682 4054 Marcii
1741 3991 2115 4052 mandatum
2177 3995 2273 4051 est
2330 3990 2597 4052 officiali
2652 3989 2818 4070 quod

359 4098 624 4160 inducat
650 4100 690 4159 J
693 4100 1006 4162 ohannem
1035 4099 1112 4161 de
1155 4100 1346 4173 Cave,
1390 4104 1823 4179 presentatum
1864 4117 1977 4178 per
2016 4097 2327 4158 Thomem
2370 4096 2719 4175 Costentyn
2761 4101 2826 4156 et

358 4204 724 4266 «Iohannem
773 4224 1030 4266 uxorem
1082 4206 1220 4285 ejus
1275 4205 1357 4266 ad
1407 4204 1713 4284 capellam
1762 4204 1841 4265 de
1891 4202 2200 4274 Humbre,
2250 4203 2316 4262 in
2363 4201 2826 4281 possessionem

380 4310 669 4390 ejusdem
717 4311 956 4390 capelle
1011 4311 1264 4372 nomine
1319 4309 1623 4371 custodie.

357 4567 585 4629 March
649 4571 704 4628 8.
709 4566 1253 4626 —Memorandum
1312 4566 1382 4645 of
1438 4563 1656 4625 licence
1717 4565 1788 4644 of
1841 4582 1987 4624 non-
1989 4561 2291 4624 residence
2340 4562 2449 4641 for
2509 4561 2692 4638 study
2756 4560 2830 4621 in

611 4647 906 4725 Theoloqy
968 4667 1037 4707 or
1102 4647 1316 4708 Garum
1368 4646 1522 4707 Law
1567 4646 1674 4725 sor
1729 4665 1839 4706 one
1891 4663 2039 4722 year
2092 4643 2163 4703 in
2218 4642 2527 4720 Enqland,
2584 4661 2654 4702 or
2710 4649 2823 4702 two

605 4749 780 4806 years
822 4728 894 4788 in
930 4729 1184 4799 France,
1229 4734 1287 4787 to
1328 4727 1554 4787 Robert
1594 4726 1668 4786 de
1711 4725 1923 4804 Shepe,
1965 4731 2159 4785 rector
2198 4724 2267 4802 of
2300 4723 2621 4784 Munslow.

529 4872 1012 4933 Memorandum
1057 4872 1221 4952 quod
1265 4873 1417 4933 data
1458 4877 1554 4933 est
1596 4869 1857 4932 licencia
1898 4868 2175 4930 Roberto
2203 4868 2281 4929 de
2312 4867 2536 4947 Shepe,
2570 4865 2821 4927 Rectori

359 4980 628 5042 ecclesie
683 4979 760 5041 de
831 4979 1221 5040 Munselowe
1276 4977 1568 5040 studendi
1621 4977 1686 5039 in
1743 4975 2062 5056 theologis.
2104 4974 2205 5039 vel
2253 4973 2521 5035 decretis
2569 4973 2635 5033 in
2683 4973 2819 5032 loco
