3619 5868
503 4825 601 4869 1²01.
627 4825 692 4865 67.

805 503 927 562 258
1439 501 1796 580 Reqistmm
1852 501 2071 562 ‘nm
2123 501 2201 563 αι
2258 467 2593 581 cautam

805 726 1292 806 procuracionis,
1323 734 1394 786 ut
1427 727 1696 799 videtur,
1739 747 1887 786 cum
1926 747 2059 786 una
2090 726 2171 786 ad
2209 726 2401 786 aliam
2434 725 2791 786 necessario
2826 731 3281 803 consequatur.

808 830 1050 891 Iterum
1107 833 1160 890 si
1207 833 1420 911 aliquo
1477 838 1758 911 tempore
1820 833 2155 892 valuerunt
2210 832 2495 910 predicta
2548 831 2992 902 instrumenta,
3050 839 3283 890 tamen

804 956 920 1016 per
971 939 1356 998 contrarium
1405 946 1642 1010 actum,
1695 951 1827 999 tam
1872 939 2043 1018 apud
2090 938 2414 998 Bromield
2458 957 2651 1018 quam
2700 937 2871 1008 alibi,
2922 957 3091 996 nunc
3142 955 3283 995 non

806 1043 1042 1103 valent.
1155 1044 1396 1103 Iterum
1445 1045 1566 1105 etsi
1621 1047 1688 1105 in
1741 1046 1885 1105 aliis
1938 1045 2221 1106 ecclesiis
2272 1045 2557 1124 predicta
2602 1044 3029 1104 instrumenta
3080 1044 3285 1102 robur

805 1151 1136 1229 optineant
1189 1150 1530 1222 firmitatis,
1587 1171 1702 1228 pro
1759 1153 2028 1212 ecclesia
2084 1163 2301 1212 tamen
2364 1151 2445 1212 de
2504 1151 2739 1229 Magna
2802 1151 3009 1212 Coura
3061 1151 3285 1211 valere

807 1276 935 1316 non
989 1265 1307 1336 poterunt,
1353 1277 1496 1317 cum
1557 1259 1696 1337 ipsa
1737 1258 1847 1318 diu
1892 1265 1991 1318 est
2050 1259 2130 1317 ad
2192 1266 2433 1318 statum
2500 1275 2685 1317 suum
2746 1256 2999 1316 redierit
3059 1256 3283 1336 primi·

807 1365 1030 1435 tivum,
1085 1371 1232 1442 post
1285 1384 1474 1444 quem
1529 1383 1778 1426 cessare
1836 1365 2189 1426 debuerunt
2246 1365 2569 1444 privilegia
2618 1375 2989 1424 memorata.
3102 1362 3285 1422 Item

805 1470 1172 1548 procuracio
1207 1471 1376 1530 illius
1421 1491 1588 1530 nunc
1627 1471 1912 1542 debetur,
1942 1481 2015 1530 ut
2058 1471 2325 1540 videtur,
2368 1491 2667 1551 expressa
2706 1470 3107 1531 concessione
3152 1469 3285 1530 Ab·

805 1573 992 1644 batis,
1037 1595 1158 1653 que
1199 1575 1340 1634 elici
1377 1583 1588 1654 potest
1629 1595 1706 1636 ex
1745 1577 2019 1656 quodam
2058 1577 2465 1637 memorando
2506 1576 2863 1656 subscripto
2900 1576 3068 1656 quod
3110 1576 3289 1636 inter

805 1680 1013 1758 ipsum
1055 1700 1131 1740 ex
1180 1691 1360 1758 parte
1401 1700 1550 1752 una,
1593 1689 1660 1741 et
1701 1682 2019 1742 Vicarium
2068 1692 2133 1741 et
2184 1683 2527 1743 officialem
2582 1697 2869 1742 nostrum
2924 1701 3004 1742 ex
3048 1682 3283 1752 altera,

807 1787 1016 1846 extitit
1073 1807 1272 1866 nuper
1328 1786 1589 1848 factum.
1701 1788 1788 1847 Et
1848 1787 1963 1848 hec
2026 1788 2194 1848 racio
2255 1788 2527 1848 breviter
2586 1791 2873 1865 tangitur
2930 1789 2997 1848 in
3060 1790 3285 1848 littera

805 1899 1024 1953 nostra
1065 1894 1309 1970 patenti
1351 1912 1562 1972 supra,
1611 1914 1758 1954 cum
1803 1895 2293 1954 dicitur—salvo
2340 1894 2479 1972 jure
2522 1893 3014 1974 uniuscujusque
3070 1913 3281 1974 quan·

809 2007 946 2061 tum
991 2000 1072 2060 ad
1113 2010 1280 2071 acta,
1325 2007 1446 2060 etc.

807 2233 961 2308 Auq.
999 2231 1648 2291 13.—-Memorandum
1681 2232 1754 2309 of
1785 2241 2125 2309 aqreement
2167 2232 2423 2292 between
2470 2234 2567 2292 the
2618 2231 3095 2294 Ἦσαν-(ἕσπεται
3136 2231 3273 2291 and

1053 2312 1152 2370 the
1209 2313 1446 2389 official
1498 2333 1578 2372 οη
1635 2313 1732 2372 the
1785 2334 1895 2373 one
1942 2321 2107 2392 part,
2150 2314 2277 2373 and
2332 2313 2431 2373 the
2480 2313 2673 2374 Abbot
2718 2314 2847 2373 and
2896 2315 3162 2373 Conveni
3204 2313 3283 2390 of

1055 2393 1408 2453 Glozwester
1457 2413 1536 2452 on
1591 2394 1690 2453 the
1745 2395 1937 2463 other,
1985 2395 2121 2453 that
2168 2415 2313 2454 corn
2370 2403 2431 2454 to
2482 2393 2579 2454 the
2634 2396 2815 2454 valae
2862 2395 3023 2469 only,
3056 2397 3126 2472 os
3166 2401 3275 2454 ten

1049 2474 1258 2534 marks
1321 2474 1542 2533 should
1599 2477 1839 2533 remain
1896 2477 2092 2534 under
2158 2476 2601 2552 sequestratim:
2660 2482 2731 2534 at
2804 2477 3093 2537 Cowarne
3166 2473 3273 2534 tiu

1053 2555 1402 2633 September
1455 2555 1650 2625 15th;
1719 2557 1856 2615 that
1916 2556 2239 2615 meantime
2302 2557 2400 2615 the
2460 2557 2675 2617 claime
2736 2556 2933 2634 might
2994 2555 3063 2615 be
3122 2563 3273 2626 met,

1049 2656 1153 2776 (ᾖε
1174 2637 1396 2774 rg'leace
1441 2637 1700 2776 ‘ordered
1756 2637 1833 2713 by
1890 2637 1989 2695 the
2042 2639 2299 2715 Bishop,
2354 2657 2427 2698 or
2484 2638 2761 2696 evidence
2820 2637 3129 2696 exhibited
3193 2636 3275 2714 by

1245 2737 1438 2776 ‹mven
1471 2764 1483 2776 .

975 2863 1454 2941 Memorandum
1513 2864 1678 2943 quod
1733 2863 1813 2924 de
1874 2883 2185 2924 consensu
2242 2863 2481 2924 domini
2539 2864 2775 2925 Vicat-ii
2834 2870 2900 2924 et
2970 2863 3277 2924 Officialis

811 2962 1294 3022 Herefordensis
1347 2982 1424 3023 ex
1485 2968 1666 3041 parte
1729 2982 1880 3033 una,
1943 2969 2007 3022 et
2077 2962 2451 3023 venerabilis
2518 2962 2655 3033 viri,
2712 2962 2949 3022 domini
3008 2961 3275 3023 Abbatis

807 3059 1202 3121 Gloucestrie
1259 3079 1333 3118 ex
1379 3059 1522 3129 alia,
1583 3069 2024 3119 remanserunt
2084 3079 2123 3117 x
2188 3068 2467 3119 marcate
2532 3059 2869 3120 dumtaxat
2928 3060 3009 3119 de
3072 3059 3275 3120 veteri

808 3154 998 3216 blado
1043 3156 1326 3235 ejusdem
1370 3155 1630 3217 Abbatis
1687 3156 1858 3235 apud
1916 3156 2187 3217 Conram
2236 3156 2302 3215 in
2358 3168 2705 3236 sequestro,
2762 3158 2857 3217 ita
2910 3158 3079 3237 quod
3134 3176 3273 3217 sus·

807 3252 1048 3332 pensiO,
1119 3254 1366 3313 racione
1429 3274 1598 3313 nunc
1667 3254 1870 3313 solute
1928 3253 2391 3331 procuracionis
2460 3254 2635 3331 prius
2708 3255 3015 3325 relaxata,
3088 3254 3277 3314 duret

807 3351 1094 3412 relaxata
1133 3370 1333 3429 usque
1373 3352 1456 3411 ad
1497 3351 1776 3411 Octabas
1808 3352 1865 3410 N
1872 3352 2179 3411 ativitatis
2218 3351 2419 3411 Beate
2466 3352 2705 3423 Marie;
2758 3358 2825 3411 et
2860 3352 3031 3432 quod
3072 3352 3277 3413 acrior

809 3450 1236 3527 sequestracio
1277 3466 1404 3507 non
1444 3449 1883 3527 interponatur
1924 3447 2003 3508 de
2050 3468 2214 3509 novo
2256 3468 2455 3529 usque
2504 3448 2587 3508 ad
2634 3448 2803 3508 diem
2846 3448 3157 3521 eundem;
3206 3456 3273 3509 et

805 3546 976 3624 quod
1029 3546 1282 3605 interim
1335 3545 1544 3605 dictus
1597 3546 1891 3605 dominus
1938 3545 2155 3606 Abbas
2196 3547 2273 3605 de
2323 3546 2495 3605 dicta
2534 3547 2981 3623 procur-acione
3030 3547 3273 3606 eisdem

809 3642 1061 3703 Vicario
1101 3650 1166 3702 et
1208 3641 1473 3703 officiali
1515 3643 1889 3713 satisfaciat,
1936 3652 2045 3703 aut
2094 3643 2367 3703 litteram
2414 3643 2669 3703 Domini
2720 3643 3019 3722 Episcopi
3053 3643 3133 3703 de
3174 3663 3269 3703 re-

809 3740 1134 3801 la'xacione
1170 3741 1524 3799 exaccionis
1567 3740 2032 3818 procuracionis
2076 3739 2437 3818 hujusmodi
2487 3742 2579 3800 eis
2621 3750 2853 3818 portet,
2900 3750 3011 3801 aut
3042 3743 3269 3801 saltem

809 3837 1084 3897 litteram
1131 3837 1386 3897 Domini
1432 3838 1730 3916 Episcopi
1778 3847 1987 3915 portet
2028 3839 2199 3917 quod
2244 3836 2323 3897 de
2362 3838 2501 3915 jure
2544 3838 2800 3917 speciali
2844 3838 2995 3898 dicti
3030 3839 3271 3897 domini

811 3934 1072 3995 Abbatis
1113 3954 1224 3995 cur
1264 3936 1774 4012 procuracionem
1832 3936 2080 3995 racione
2121 3935 2525 3995 visitacionis
2569 3936 2813 3995 solvere
2856 3955 2981 3995 non
3042 3936 3271 3997 debeat

807 4052 1180 4111 cognoscere
1249 4032 1504 4091 valeant
1577 4042 1642 4091 et
1720 4031 2082 4109 hujusmodi
2153 4033 2477 4110 negocium
2550 4033 2890 4093 terminare
2958 4034 3037 4093 de
3104 4034 3265 4113 jure.

811 4130 1037 4189 Actum
1091 4142 1156 4189 et
1218 4130 1455 4189 iactum
1511 4130 1576 4189 in
1633 4130 1784 4190 aula
1844 4130 2084 4189 domini
2140 4130 2555 4200 Precentoris,
2613 4139 2765 4189 tunc
2824 4129 3055 4189 Vicarii
3118 4131 3269 4209 Epi-

809 4227 1002 4305 scopi,
1045 4227 1147 4287 die
1191 4226 1374 4286 Beati
1417 4227 1674 4304 Ypoliti,
1719 4246 1890 4287 anno
1931 4226 2189 4285 Domini
2238 4226 2751 4287 M⁰GC⁰LXXX0.
2867 4227 3082 4305 Hujus
3124 4247 3271 4289 vero

809 4324 1007 4385 forme
1047 4324 1295 4402 copiam
1338 4323 1548 4384 Abbas
1589 4324 1844 4403 recepit,
1888 4324 2006 4384 sub
2049 4324 2251 4403 sigillo
2293 4324 2715 4385 officialitatis
2758 4324 3264 4387 Herefordensis.

809 4584 941 4645 Oct.
987 4584 1257 4644 9.—The
1313 4582 1547 4660 Bishop
1587 4589 1859 4659 requests
1904 4582 2001 4640 the
2044 4580 2423 4659 Archbishop
2469 4590 2529 4641 to
2570 4580 2837 4659 suspend
2870 4583 3265 4663 proooedinqae

1049 4666 1292 4743 against
1345 4663 1620 4722 william
1659 4662 1961 4739 Daubeny
2004 4662 2105 4722 till
2146 4662 2242 4721 his
2282 4670 2499 4721 return
2525 4663 2697 4740 from
2735 4661 2989 4722 abroad.

973 4810 1240 4871 Domo
1323 4810 1807 4871 camuranam
1890 4810 2411 4869 Ancmamsooro
2490 4826 2578 4867 nn
2658 4808 3099 4889 W[11.m3=1.uo]
3183 4828 3271 4871 1111

805 4906 1368 4985 Amanum—vij
1435 4907 1590 4969 Idus
1651 4907 1961 4979 Octobris,
2027 4906 2195 4986 apud
2266 4906 2522 4985 Lyram,
2590 4925 2759 4966 anno
2820 4908 3267 4987 suprascripto,
