3619 5868
1185 509 1486 590 Episcopi
1539 510 2021 589 Hercfordensis.
2715 513 2836 576 207

372 734 674 793 nocencia
735 752 803 794 se
867 753 1113 794 murum
1174 733 1555 795 defensionis
1610 741 1926 814 opponat;
1993 736 2346 816 specialiter
2416 757 2557 797 cum
2630 738 2841 799 dilecti

371 839 502 910 filii,
575 839 784 900 Abbas
855 847 918 900 et
979 839 1204 900 fratres
1275 840 1354 900 de
1425 841 1626 912 Dena,
1700 841 2132 902 Cisterciensis
2214 843 2486 912 Ordinis,
2558 849 2691 904 tam
2762 845 2841 905 de

371 945 804 1024 frequentibus
883 945 1130 1024 injuriis
1213 965 1402 1026 quam
1487 947 1563 1005 de
1645 946 1783 1025 ipso
1873 947 2189 1009 cotidiano
2260 948 2508 1009 defectu
2583 949 2837 1028 justicie

372 1060 846 1131 conquerentes,
903 1051 1374 1111 universitatem
1435 1060 1710 1112 vestram
1773 1053 2001 1113 litteris
2058 1053 2379 1132 petierunt
2431 1054 2712 1124 excitari,
2766 1061 2836 1117 ut

371 1156 463 1216 ita
517 1156 806 1216 videlicet
863 1157 952 1216 eis
1009 1157 1073 1216 in
1130 1156 1641 1218 tribulacionibus
1713 1159 1848 1218 suis
1908 1169 2129 1219 contra
2192 1159 2627 1220 malefactores
2686 1179 2836 1222 suos

368 1276 661 1342 prompta
701 1263 984 1322 debeatis
1017 1261 1537 1340 magnanimitate
1570 1283 1964 1342 consurgere,
2004 1265 2172 1344 quod
2209 1265 2287 1325 ab
2328 1265 2637 1344 angustiis
2672 1285 2833 1346 quas

371 1369 686 1428 sustinent
743 1376 808 1429 et
863 1368 1170 1446 pressuris
1230 1375 1439 1428 vestro
1496 1369 1742 1447 possint
1797 1369 2069 1448 presidio
2119 1370 2448 1449 respirare.
2556 1370 2834 1451 Ideoque

369 1473 765 1535 universitati
807 1481 1010 1534 vestre
1055 1494 1163 1552 per
1207 1473 1564 1552 Apostolica
1607 1474 1843 1554 scripta
1886 1475 2264 1536 mandamus
2316 1483 2505 1555 atque
2566 1476 2832 1554 precipi-

369 1600 511 1640 mus
553 1580 850 1660 quatinus
893 1579 1033 1640 illos
1076 1579 1182 1658 qui
1225 1581 1651 1658 possessiones
1681 1581 1779 1640 vel
1818 1601 1940 1652 res,
1987 1600 2096 1641 seu
2140 1581 2359 1641 domos
2403 1581 2827 1660 predictorum

368 1687 630 1748 fratrum
671 1687 767 1747 vel
810 1686 1135 1746 hominum
1182 1705 1435 1746 suorum
1480 1687 1892 1746 irreverenter
1928 1686 2293 1756 invaserint,
2332 1695 2442 1747 aut
2485 1706 2561 1747 ea
2602 1687 2836 1765 injuste

367 1793 751 1854 detinuerint
795 1813 916 1872 que
970 1791 1271 1870 predictis
1327 1791 1624 1851 fratribus
1680 1811 1756 1850 ex
1814 1798 2197 1852 testamento
2239 1792 2685 1852 decedencium
2737 1812 2829 1852 re·

369 1899 756 1978 linquantur,
802 1917 912 1958 seu
972 1898 1036 1957 in
1096 1898 1321 1957 fratres
1382 1897 1570 1976 ipsOS,
1617 1903 1841 1956 contra:
1904 1896 2262 1975 Apostolice
2325 1897 2503 1958 Sedis
2558 1897 2830 1970 indulta,

368 2005 755 2066 sentenciam
821 2002 1499 2064 excommunicacionis
1558 2008 1666 2062 aut
1735 2002 2053 2063 interdicti
2122 2002 2617 2081 presumpserint
2691 2023 2830 2082 pro-

369 2110 671 2188 mulgare,
717 2109 814 2168 vel
863 2108 1138 2168 decimas
1195 2108 1479 2168 laborum
1532 2127 1643 2167 seu
1691 2108 2217 2167 nutrimentorum
2261 2109 2559 2187 ipsorum,
2606 2109 2831 2187 spretis

371 2215 725 2293 Apostolica
799 2214 978 2274 Sedis
1047 2212 1402 2293 privilegiis.
1471 2219 1839 2292 extorquere
1865 2232 1879 2284 ;
1965 2213 2317 2273 monicione
2390 2213 2712 2291 premissa,
2777 2193 2879 2274 si·

363 2321 506 2381 laici
549 2320 802 2391 fuerint,
847 2318 1095 2399 puplice
1139 2318 1415 2379 candelis
1459 2316 1738 2378 accensis
1780 2317 2457 2379 excommunicacionis
2502 2318 2829 2379 sentencia

363 2426 757 2504 percellatis;
830 2427 884 2485 si
953 2444 1098 2485 vero
1168 2425 1374 2485 clerici
1446 2425 1543 2485 vel
1612 2424 1897 2484 canonici
1966 2424 2279 2502 regulares
2352 2443 2464 2484 seu
2534 2425 2826 2484 monachi

363 2531 612 2602 fuerint,
660 2551 766 2591 eos
809 2531 1240 2611 appellacione
1281 2538 1522 2591 remota
1564 2529 1644 2590 ab
1686 2529 1888 2589 officio
1931 2537 1993 2589 et
2043 2529 2345 2590 beneficio
2400 2529 2821 2608 suspendatiS,

364 2636 561 2697 donec
617 2637 912 2715 predictis
968 2636 1268 2696 fratribus
1321 2636 1598 2715 plenarie
1644 2635 2077 2707 satisfaciant;
2122 2644 2184 2694 et
2248 2645 2379 2696 tam
2432 2635 2575 2696 laici
2632 2655 2825 2715 quam

361 2742 566 2802 clerici
611 2743 943 2812 seculares,
1002 2742 1108 2820 qui
1158 2760 1272 2821 pro
1319 2741 1595 2802 violenta
1652 2760 1954 2801 manuum
2006 2741 2349 2819 injeccione
2396 2741 2823 2802 anathematis

359 2848 610 2908 vinculo
651 2847 884 2907 fuerint
925 2846 1233 2917 innodati,
1281 2865 1422 2906 cum
1466 2846 1780 2906 diocesani
1830 2845 2130 2925 Episcopi
2182 2847 2411 2907 litteris
2462 2847 2541 2906 ad
2595 2847 2822 2908 Sedem

361 2954 782 3033 Apostolicam
830 2954 1176 3023 venienteS,
1223 2954 1302 3013 ab
1359 2953 1576 3013 eodem
1633 2954 1883 3013 vinculo
1937 2961 2299 3013 mereantur
2360 2954 2621 3015 absolvi.
2724 2955 2822 3014 De

359 3058 683 3119 monacbis
746 3077 891 3119 vero
950 3068 1013 3117 et·
1072 3058 1392 3118 canonicis
1450 3057 1513 3117 id
1583 3064 1885 3129 servetur,
1947 3064 2039 3130 ut,
2102 3058 2153 3118 si
2219 3057 2501 3136 ejusdem
2564 3059 2823 3119 claustri

359 3163 583 3224 fratres
640 3184 866 3224 manus
921 3164 984 3223 in
1044 3184 1110 3225 se
1167 3163 1496 3241 injecerint
1553 3164 1880 3233 violentas,
1940 3183 2052 3243 per
2098 3164 2403 3223 Abbatem
2462 3164 2818 3243 proprium;

359 3272 412 3332 si
455 3291 600 3331 vero
642 3272 829 3331 unius
872 3272 1131 3331 claustri
1172 3270 1364 3330 frater
1419 3270 1482 3329 in
1540 3268 1800 3329 fratrem
1863 3270 2123 3330 alterius
2181 3270 2440 3331 claustri
2496 3289 2819 3350 presump-

358 3379 508 3439 serit
564 3379 933 3437 violenciam
979 3396 1285 3447 exercere,
1343 3396 1454 3456 per
1508 3376 1802 3454 injuriam
1849 3376 2017 3455 passi
2068 3383 2131 3436 et
2175 3376 2501 3437 inferentis
2547 3375 2823 3437 Abbates

358 3483 777 3544 absolucionis
841 3482 1211 3544 beneficium
1271 3492 1664 3561 assequatur,
1725 3482 1922 3541 eciam
1988 3480 2038 3541 si
2096 3501 2306 3541 eorum
2370 3482 2562 3562 aliqui
2619 3482 2820 3561 prius·

358 3609 544 3669 quam
617 3587 900 3649 habitum
981 3590 1370 3667 perciperent
1453 3586 1797 3665 regularem
1880 3587 2004 3646 tale
2079 3586 2314 3666 aliquid
2392 3586 2820 3647 commiserint

357 3700 608 3772 propter
649 3691 816 3772 quod
858 3692 994 3770 ipso
1037 3699 1184 3751 actu
1226 3690 1900 3751 excommunicacionis
1950 3690 2338 3751 sentenciam
2385 3690 2816 3762 incurrissent,

359 3798 480 3857 nisi
538 3816 832 3856 excessus
890 3815 1105 3855 eorum
1165 3802 1331 3856 esset
1389 3796 1656 3856 difficilis
1716 3801 1778 3855 et
1838 3795 2131 3865 enormiS,
2186 3802 2403 3874 utpote
2448 3796 2526 3856 ad
2568 3798 2819 3856 mutila-

356 3903 598 3962 cionem
657 3900 919 3962 membri
969 3901 1066 3961 vel
1125 3902 1448 3979 sanguinis
1504 3901 1871 3961 effusionem
1931 3920 2290 3979 processum
2350 3920 2429 3961 au
2452 3904 2522 3979 [t]
2560 3904 2799 3980 [manu]

355 4033 630 4093 violenta
684 4032 750 4092 in
807 4032 1190 4111 Episcopum
1249 4032 1348 4091 vel
1403 4031 1706 4091 Abbatem
1765 4032 2001 4110 injecta
2090 4078 2104 4093 .
2205 4078 2217 4091 .
2324 4078 2335 4091 .
2442 4078 2455 4092 .
2561 4035 2598 4092 ‚¹
2673 4052 2818 4092 cum

354 4132 684 4192 processus
727 4114 846 4173 hiis
889 4114 1124 4173 similes
1168 4115 1302 4172 sine
1347 4113 1647 4172 scandalo
1690 4125 2007 4191 nequeant
2050 4113 2358 4192 preteriri.
2451 4113 2517 4173 Si
2562 4133 2707 4174 vero
2748 4114 2815 4172 in

355 4220 612 4280 clericos
655 4220 968 4279 seculares
1020 4237 1246 4277 manus
1294 4217 1625 4295 injecerint
1677 4237 1789 4297 pro
1831 4218 2091 4278 vitando
2132 4218 2429 4297 pericu10,
2476 4219 2817 4278 mittantur

356 4326 436 4386 ad
497 4325 719 4385 Sedem
778 4324 1205 4402 Apostolicam
1265 4323 1666 4395 absolvendi,
1733 4324 1915 4383 villas
1975 4336 2187 4384 autem
2246 4324 2311 4383 in
2368 4324 2595 4403 quibus
2652 4324 2818 4385 bona

355 4432 619 4492 fratrum
676 4431 1100 4510 predictorum
1159 4431 1256 4490 vel
1312 4430 1637 4490 hominum
1686 4449 1943 4491 suorum
1988 4450 2099 4509 per
2140 4431 2510 4491 violenciam
2554 4431 2815 4491 detenta

353 4538 604 4609 fuerint,
650 4537 950 4617 quamdiu
1006 4537 1091 4596 ibi
1135 4545 1304 4608 sunt,
1357 4537 1673 4597 interdicti
1717 4538 2035 4597 sentencie
2092 4538 2486 4616 supponatis.
2574 4539 2815 4598 Datum

355 4644 656 4722 Anagnie,
746 4690 760 4705 .
851 4689 864 4703 .
955 4646 993 4703 .¹
1056 4644 1447 4713 Novembris,
1494 4642 1907 4703 Pontificatus
1954 4644 2149 4703 nostri
2192 4662 2359 4703 anno
2402 4653 2600 4705 sexto,

1060 4778 1280 4818 l—There
1305 4788 1387 4819 are
1413 4777 1524 4818 here
1549 4776 1804 4819 omissione
1832 4777 1881 4818 in
1907 4777 1991 4818 the
2018 4778 2118 4819 MS.
