3619 5868
859 493 980 555 276
1420 554 1425 557 ,
1522 494 1879 573 Reqistrum
1935 494 2156 555 Thome
2207 494 2282 555 de
2339 494 2670 574 Cantilupo

858 718 1015 778 certi
1056 722 1120 778 et
1161 718 1375 779 fideles
1417 719 1495 779 de
1537 718 1723 780 Curia
1763 719 2029 780 redeunt
2069 722 2204 779 tota
2245 718 2363 789 die,
2393 738 2507 797 per
2545 738 2702 798 quos
2743 718 2922 779 nobis
2964 716 3320 797 significare

854 822 1144 902 poteritis
1200 824 1359 884 velle
1406 830 1704 896 vestrum,
1754 828 1820 885 et
1877 823 2025 903 quia
2081 823 2262 885 nobis
2309 844 2423 903 per
2461 824 2620 884 tales
2661 823 2967 884 hactenus
3035 826 3315 901 [statum]

855 928 1043 989 Gurie
1101 930 1447 990 nunciastis
1504 930 1822 991 reddimus
1871 929 2047 990 vobis
2095 934 2320 1009 grates,
2422 929 2740 989 Mittimus
2783 928 3105 1008 siquidem
3155 928 3321 988 vobis

855 1039 1105 1095 tenores
1160 1035 1509 1095 litterarum
1572 1035 1800 1115 quibus
1861 1035 2192 1096 scribimus
2252 1040 2326 1095 ut
2387 1035 2669 1114 petistis;
2729 1034 2955 1114 quibus
2999 1033 3318 1093 informati

854 1140 1026 1221 loqui
1068 1142 1321 1203 caucius
1362 1142 1649 1220 poteritis
1697 1162 1842 1202 cum
1883 1142 2139 1203 eisdem.
2235 1141 2539 1222 Magister
2580 1140 2780 1201 Adam
2822 1141 2899 1201 de
2941 1139 3157 1201 Filebi
3205 1140 3320 1199 cito

856 1248 934 1307 ad
976 1246 1249 1319 Curiam,
1276 1253 1351 1307 ut
1392 1248 1763 1319 audivimus,
1793 1252 1892 1309 est
1932 1253 2253 1309 venturus.
2339 1247 2418 1307 In
2461 1266 2587 1327 qua
2625 1246 2933 1326 siquidem
2977 1245 3318 1307 affeccione

854 1352 940 1413 sit
980 1372 1127 1431 erga
1166 1373 1282 1414 nos
1323 1354 1576 1432 penitus
1618 1353 1996 1433 ignoramus.
2083 1352 2151 1414 Si
2190 1353 2357 1413 ultra
2396 1352 2876 1414 distribuciones
2909 1358 2974 1413 et
3013 1371 3318 1431 expensas

854 1460 1238 1519 necessarias
1293 1458 1451 1521 solvi
1506 1464 1804 1537 poterunt
1859 1458 2158 1539 magistro
2221 1458 2277 1519 E
2299 1459 2580 1537 [mundo]
2647 1459 2723 1519 de
2787 1458 3154 1519 Warefelde
3213 1478 3315 1536 pro

852 1669 1018 1730 inter
1073 1670 1196 1730 alia
1252 1669 1583 1731 nunciatis.
1688 1669 1793 1741 Et,
1855 1670 2002 1750 quia
2057 1670 2224 1731 ultra
2280 1690 2322 1729 x
2376 1690 2620 1730 marcas
2683 1689 2839 1749 quas
2895 1669 3234 1749 recepistis
3285 1690 3318 1729 a

850 1774 1050 1846 nobis,
1108 1780 1171 1836 et
1230 1796 1385 1855 quas
1444 1775 1509 1835 in
1568 1776 1801 1837 nostris
1860 1776 2136 1855 negociis
2183 1776 2396 1837 arduis
2452 1776 2852 1855 expendistis,
2911 1776 3020 1856 viij
3091 1776 3312 1837 solidos

848 1881 1290 1961 sterlingorum
1339 1888 1405 1943 et
1445 1882 1510 1961 iij
1556 1882 1789 1943 solidos
1828 1882 1850 1961 j
1903 1882 2228 1943 denarium
2284 1901 2642 1961 grossorum
2691 1883 3162 1945 Turonensium
3213 1883 3314 1941 im-

847 1986 1175 2067 pendistiS‚
1224 1993 1411 2066 prout
1466 2008 1579 2067 per
1632 1987 1948 2067 quandam
2003 1992 2277 2049 vestram
2326 1986 2611 2048 cedulam
2665 1987 3094 2049 intelleximus
3144 1986 3311 2047 nobis

850 2093 1128 2166 missam,
1179 2094 1337 2156 bene
1392 2094 1681 2156 volumus
1730 2096 1898 2174 quod
1946 2095 2023 2155 de
2081 2094 2348 2175 pecunia
2402 2094 2580 2155 vobis
2642 2094 2837 2156 missa
2894 2094 3313 2162 satisfaciatis,

852 2201 907 2263 si
970 2202 1049 2261 ad
1106 2158 1393 2262 ndstrum
1456 2201 1790 2261 comodum
1852 2201 1986 2262 fieri
2055 2201 2278 2272 valeat,
2337 2200 2514 2262 vobis
2575 2200 2748 2281 ipsis.
2856 2199 2922 2261 Si
2983 2200 3310 2280 pecuniam

851 2313 1264 2370 memoratam
1345 2308 1734 2370 commodius
1811 2307 2181 2368 distribuere
2257 2306 2516 2367 valeatis
2595 2302 2784 2386 q'uam
2861 2306 2927 2365 in
3005 2306 3310 2366 dictarum

850 2413 1094 2474 viarum
1164 2413 1371 2493 aliqua
1439 2414 1523 2474 sit
1590 2432 1973 2492 expressum,
2045 2418 2198 2473 tunc
2265 2418 2453 2491 prout
2522 2412 2740 2472 utilius
2809 2412 2990 2473 nobis
3065 2412 3188 2472 erit
3249 2411 3306 2469 in

845 2519 1103 2579 nomine
1161 2518 1418 2579 Domini
1478 2518 1757 2589 faciatis;
1819 2519 1969 2578 dum
2019 2523 2232 2578 tamen
2282 2518 2359 2578 de
2408 2517 2767 2597 hujusmodi
2825 2516 2992 2578 facto
3053 2522 3306 2577 constet.

844 2625 1143 2686 Valeatis.
1245 2625 1481 2685 Datum
1541 2624 1707 2704 apud
1763 2624 2030 2703 Brynun
2081 2624 2178 2703 xvj
2233 2623 2548 2685 Kalendas
2610 2623 2651 2683 J
2653 2623 2782 2695 ulii,
2841 2643 3007 2683 anno
3061 2621 3306 2683 Domini

846 2731 1345 2793 M⁰OC⁰LXXX⁰
1385 2731 1605 2811 prim0.

844 3061 1008 3124 ane
1048 3065 1147 3133 16,
1176 3061 1873 3141 1281.—Appointment
1913 3061 1983 3140 of
2012 3059 2290 3120 William
2321 3060 2500 3120 Brun
2533 3060 2659 3120 and
2698 3059 2865 3120 John
2899 3059 2972 3120 de
3007 3058 3296 3134 Bitoerley

1087 3163 1158 3203 as
1212 3143 1495 3204 Proctcrs
1555 3149 1612 3203 to
1666 3141 1892 3203 receive
1946 3161 2054 3201 one
2112 3140 2389 3201 hundred
2436 3139 2678 3220 pounds
2720 3141 2879 3216 from
2936 3141 3144 3220 Spina
3181 3137 3293 3198 and

1092 3223 1189 3284 his
1222 3231 1525 3303 parmen,
1556 3223 1626 3303 of
1658 3221 1922 3294 Pistoia,
1953 3222 2079 3282 and
2122 3229 2180 3282 to
2221 3221 2362 3300 siqu
2403 3221 2602 3282 letters
2637 3221 2706 3300 of
2739 3221 3292 3300 ackmwzedqment.

1007 3403 1565 3462 PnocURATonmu
1649 3419 1733 3461 An
1803 3419 2255 3462 memmi-mun
2334 3419 2580 3462 mcum
2649 3400 3298 3461 Paeonum—Pateat

842 3508 1153 3570 universis
1212 3509 1378 3588 quod
1437 3528 1571 3580 nos,
1628 3508 1921 3579 ThomaS,
1981 3513 2120 3579 etc„
2171 3507 2504 3588 magistros
2562 3506 2948 3568 Willelmum
3007 3507 3188 3567 Brun
3239 3509 3296 3565 et

844 3615 884 3676 J
887 3615 1199 3676 ohannem
1248 3614 1325 3675 de
1374 3613 1711 3692 Buterleye
1760 3619 2010 3674 nostros
2061 3614 2502 3676 Procuratores
2555 3613 2820 3675 facimus
2868 3621 2932 3676 et
2981 3613 3294 3676 constitui-

842 3740 987 3782 mus
1042 3720 1121 3780 ad
1176 3720 1601 3799 recipiendum
1658 3724 1876 3780 nostro
1930 3719 2185 3780 nomine
2242 3740 2280 3780 a
2337 3719 2532 3799 Spina
2579 3725 2643 3781 et
2699 3718 2886 3781 sociis
2941 3720 3094 3792 suis,
3151 3737 3291 3778 mer-

842 3823 1157 3885 catoribus
1204 3823 1711 3895 Pistoriensibus,
1754 3823 1822 3881 in
1870 3821 2059 3884 Curia
2113 3823 2400 3884 Romana
2453 3823 3005 3896 commorantibus,
3048 3829 3290 3885 centum

842 3930 1031 3990 libras
1114 3928 1571 4008 sterlingorum,
1652 3933 1715 3989 et
1794 3929 1873 3988 ad
1952 3927 2516 3989 administrandum
2594 3930 2672 3990 de
2746 3930 2964 3990 eadem
3041 3927 3290 4009 pecunia

842 4035 1189 4096 secundum
1258 4035 1424 4114 quod
1491 4033 1726 4095 eisdem
1800 4033 2117 4114 magistris
2187 4034 2474 4096 dedimus
2545 4035 2611 4094 in
2684 4035 3018 4106 mandatiS,
3091 4041 3156 4096 et
3223 4033 3290 4092 ad

842 4139 1198 4202 faciendum
1266 4139 1451 4201 dictis
1519 4139 1969 4201 mercatoribus
2037 4139 2103 4199 in
2173 4140 2290 4200 hac
2358 4144 2538 4218 parte
2605 4139 2848 4200 litteras
2909 4139 2987 4199 de
3056 4138 3284 4206 soluto;

843 4250 1052 4306 ratum
1093 4245 1415 4317 habentes,
1458 4251 1575 4306 etc.
1662 4246 1740 4305 In
1784 4245 1964 4324 cujus
2005 4245 2112 4317 rei,
2157 4251 2276 4306 etc.
2379 4245 2618 4306 Datum
2659 4250 2731 4305 ut
2771 4244 3056 4324 proximo
3095 4262 3285 4323 supra.

3497 1202 3499 1279 ψ
