3619 5868
793 480 912 540 204
1407 559 1410 564 Ι
1453 481 1808 559 Reqistrum
1866 480 2085 540 Thome
2138 481 2213 540 de
2270 479 2603 558 Cantilupo

794 702 1074 764 bacionis
1143 705 1341 783 Regni
1413 703 1631 784 Anglie
1701 704 2035 765 casualiter
2114 705 2345 764 amisse
2426 703 2619 764 fuisse
2700 703 3009 771 dicuntur,
3086 701 3287 761 idem

797 809 1094 887 magister
1132 809 1378 869 dubitat
1417 830 1496 870 ne
1537 829 1725 888 super
1765 809 2127 889 hujusmodi
2170 808 2612 871 beneficiorum
2654 809 3010 869 retencione
3050 807 3285 887 possit

797 914 914 975 sibi
978 914 1366 976 obstaculum
1431 916 1762 995 interponi.
1868 915 2075 990 Quare
2131 915 2313 976 nobis
2374 914 2695 976 humiliter
2751 914 3131 993 supplicavit
3200 918 3289 972 ut

796 1021 1120 1101 providere
1161 1020 1280 1081 sibi
1323 1042 1510 1101 super
1549 1022 1686 1092 hoc,
1717 1023 1795 1083 de
1830 1021 2214 1101 benignitate
2252 1022 2431 1082 Sedis
2470 1021 2842 1100 Apostolice,
2874 1039 3283 1080 curaremus.

799 1127 933 1187 Nos
988 1127 1199 1206 itaque
1253 1128 1626 1188 industriam
1684 1134 1957 1189 vestram
2014 1129 2092 1188 ad
2148 1129 2268 1188 hoc
2316 1149 2392 1188 ex
2433 1133 2649 1189 nostro
2688 1126 2893 1189 officio
2934 1127 3285 1206 eligente&

798 1233 1164 1293 discrecioni
1193 1239 1398 1293 vestre
1439 1254 1550 1312 per
1579 1234 1939 1314 Apostolica
1981 1236 2213 1314 scripta
2256 1234 2627 1295 mandamus
2670 1233 2985 1313 quatinuS,
3014 1233 3280 1292 vocatis

797 1338 905 1418 qui
967 1339 1198 1400 fuerint
1266 1341 1584 1412 evocandi,
1640 1340 1718 1400 de
1787 1340 2109 1401 tenoribus
2162 1341 2513 1402 litterarum
2574 1340 2853 1419 ipsarum
2915 1344 2979 1399 et
3039 1357 3282 1398 earum

796 1445 1153 1516 amissione,
1195 1466 1308 1525 per
1346 1466 1460 1507 vos
1516 1447 1685 1526 ipsos
1741 1453 1804 1508 et
1862 1468 1989 1508 non
2044 1469 2157 1528 per
2204 1449 2377 1520 alios,
2420 1447 2787 1527 diligencius
2828 1446 3167 1526 inquiratis
3216 1446 3282 1506 si

797 1553 876 1612 de
917 1552 1237 1612 tenoribus
1279 1558 1343 1613 et
1384 1553 1720 1614 amissione
1761 1554 2123 1633 hujusmodi
2163 1575 2238 1614 ac
2276 1555 2519 1614 litteras
2562 1554 2731 1633 ipsas
2764 1552 2923 1612 vicio
2964 1551 3283 1612 falsitatis

799 1676 1008 1718 carere
1056 1657 1332 1737 legitime
1380 1658 1557 1719 vobis
1605 1660 1992 1730 constiterit;
2052 1680 2241 1740 super
2277 1660 2504 1740 quibus
2547 1659 2971 1719 consciencias
3012 1664 3275 1719 vestras

799 1760 1088 1822 volumus
1132 1783 1406 1823 onerare.
1491 1764 1763 1824 Tenores
1803 1765 1977 1844 ipsos
2020 1764 2083 1823 in
2134 1766 2489 1825 auctentica
2534 1763 2779 1824 faciatis
2826 1763 3021 1842 redigi
3068 1763 3275 1824 docu-

799 1874 1030 1939 menta,
1101 1871 1362 1930 eandem
1425 1871 1552 1928 vim
1621 1875 1686 1931 et
1754 1872 2193 1932 auctoritatem
2262 1892 2408 1931 cum
2476 1871 2879 1951 originalibus
2947 1870 3275 1930 habitura.

799 1976 1037 2035 Datum
1080 1975 1279 2036 Rome
1313 1977 1478 2055 apud
1523 1977 1825 2037 Sanctum
1864 1978 2141 2048 Petrum,
2182 1977 2399 2038 Idibus
2430 1976 2811 2046 Decembris,
2843 1975 3275 2036 Pontificatus

797 2081 998 2142 nostri
1039 2102 1206 2142 anno
1252 2082 1473 2161 primo.

796 2372 943 2451 Apr.
987 2375 1084 2441 21,
1125 2371 1719 2448 1279.—Authority
1761 2372 1941 2449 qiven
1970 2379 2027 2431 to
2058 2370 2156 2431 the
2184 2371 2419 2450 Bishop
2460 2371 2532 2450 os
2563 2371 2897 2430 Lamannc
2938 2377 2997 2452 to
3038 2369 3263 2429 collate

1040 2451 1322 2512 Richard
1361 2452 1434 2513 de
1478 2452 1793 2530 Swinfield
1838 2459 1895 2512 to
1940 2452 2037 2512 the
2070 2452 2335 2530 prebend
2380 2451 2517 2511 held
2558 2451 2633 2528 by
2672 2450 2917 2510 Martia
2952 2451 3025 2510 de
3066 2451 3264 2528 Gay&

1039 2533 1111 2593 in
1153 2533 1250 2594 the
1290 2541 1458 2593 event
1499 2534 1569 2612 of
1604 2533 1701 2593 his
1743 2533 1929 2593 death
1971 2533 2163 2612 before
2204 2532 2625 2593 Michaelmas.

959 2701 1282 2761 Emscoro
1326 2701 2117 2761 LAusANsN81.—Domino
2154 2701 2541 2762 Lausanensi
2581 2701 2918 2781 Episcopo¹
2968 2701 3260 2770 salutem,

793 2811 913 2866 etc.
1026 2806 1338 2878 Quoniam
1407 2805 1827 2866 intelleximus
1910 2806 2075 2886 quod
2145 2805 2442 2884 magister
2518 2806 2831 2866 Martinus
2908 2806 2985 2866 de
3054 2806 3259 2884 Gayo,

795 2912 1150 2974 Canonicus
1220 2911 1720 2983 Herefordensis‚
1779 2911 1845 2971 in
1908 2913 2133 2973 vestris
2194 2911 2477 2992 partibus
2546 2911 2815 2992 graviter
2876 2912 3253 2981 infirmatur,

795 3022 950 3081 adeo
1007 3020 1174 3098 quod
1237 3020 1314 3080 de
1372 3020 1508 3099 ejus
1565 3019 2071 3079 convalescencia
2120 3039 2245 3079 non
2290 3024 2592 3097 speratur,
2636 3018 2922 3079 nolentes
2967 3018 3255 3079 Ecclesie

793 3125 1240 3186 Herefordensi
1271 3125 1370 3185 cui
1405 3144 1734 3204 prosumus
1768 3130 1986 3185 nostro
2023 3144 2208 3204 posse
2242 3123 2494 3204 aliquod
2525 3124 2938 3204 prejudicium
2974 3126 3255 3195 iminore,

793 3238 1000 3293 vestre
1041 3231 1449 3291 Paternitatis
1491 3231 1754 3301 caritati,
1786 3231 1863 3290 de
1906 3231 2085 3309 cujus
2128 3229 2407 3291 bonitate
2449 3229 2840 3301 confidimus,
2870 3236 3253 3309 potestatem

791 3337 1193 3398 concedimus
1249 3356 1360 3416 per
1413 3342 1756 3415 presentes,
1799 3342 1872 3395 ut
1926 3335 2307 3414 prebendam
2363 3335 2587 3414 prefati
2644 3337 2925 3415 magistri
2972 3337 3253 3409 Martini,

793 3463 939 3503 cum
995 3462 1135 3503 eam
1197 3462 1416 3502 vacare
1474 3442 1823 3520 contigerit,
1868 3440 2165 3520 magistro
2218 3441 2485 3501 Ricardo
2543 3441 2620 3502 de
2680 3441 3059 3521 Suynefeud,
3116 3444 3254 3505 viro

794 3548 1070 3609 moribus
1113 3552 1176 3608 et
1218 3548 1487 3607 sciencia
1530 3546 1959 3625 multipliciter
2000 3547 2316 3627 insignito,
2346 3552 2563 3607 nostro
2606 3548 2860 3609 nomine
2894 3548 3249 3621 conferatis,

793 3654 1190 3733 presentibus
1253 3674 1450 3733 usque
1507 3654 1585 3713 ad
1655 3653 1917 3713 Festum
1981 3653 2163 3713 Beati
2233 3652 2563 3713 Michaelis
2624 3652 2905 3713 futurum
2967 3655 3253 3733 proximo

794 3760 1095 3821 valituris.
1180 3760 1344 3835 Quid
1387 3766 1598 3820 autem
1641 3758 1913 3819 feceritis
1954 3759 2019 3818 in
2061 3759 2384 3837 premissis
2433 3778 2551 3820 nos
2592 3760 2885 3831 reddatis,
2931 3762 2984 3821 si
3026 3761 3253 3840 placet,

791 3887 904 3947 per
944 3872 1185 3927 vestras
1227 3866 1468 3927 litteras
1510 3865 1830 3926 cerciores,
1926 3866 2164 3925 Datum
2208 3865 2569 3937 Londoniis,
2612 3868 2673 3925 xi
2717 3867 3034 3928 Kalendas
3078 3868 3251 3939 Maii,

791 3991 960 4033 anno
1001 3971 1258 4032 Domini
1302 3971 1733 4032 M⁰CG⁰LXX⁰
1773 3992 1959 4033 nono.

791 4265 954 4325 Mar.
987 4264 1362 4324 9.—-—Letters
1404 4263 1732 4341 dimissory
1761 4265 1933 4343 from
1975 4264 2073 4323 the
2114 4264 2349 4343 Bishop
2377 4265 2447 4344 of
2474 4265 2801 4325 Worcester
2817 4265 2925 4344 for
2966 4260 3250 4325 Richard

1034 4345 1107 4404 de
1148 4346 1342 4405 Acten
1385 4351 1442 4404 to
1485 4345 1551 4405 be
1591 4344 1887 4405 ordained
1927 4345 2153 4405 deacon
2195 4344 2270 4424 by
2314 4345 2411 4405 the
2452 4345 2689 4424 Bishop
2728 4346 2798 4425 os
2834 4345 3149 4425 Heresord.

955 4526 1345 4585 Dnnssosm
1426 4525 1704 4583 fficiam
1774 4543 1861 4584 nn:
1931 4524 2356 4585 Acrona—G
2369 4524 2766 4607 [odefridus]‚
2838 4528 3249 4607 permissione

792 4630 1003 4691 divina
1065 4630 1418 4709 Episcopus
1481 4629 1973 4709 Wygorniensis,
2038 4630 2264 4691 dilecto
2327 4630 2455 4691 filio
2520 4631 2788 4692 Ricardo
2851 4632 2928 4693 de
2991 4633 3248 4704 Actone,

791 4736 1188 4806 subdiacono,
1233 4740 1446 4795 nostre
1504 4734 1786 4804 diocesis,
1833 4734 2117 4805 salutem,
2162 4741 2278 4796 etc.
2382 4736 2473 4797 Ut
2532 4756 2569 4796 a
2624 4737 2978 4798 Venerabili
3040 4738 3248 4810 Patre,

913 4868 1192 4910 l—William
1217 4867 1274 4908 de
1308 4869 1653 4915 Chaumpvent.
1684 4868 1817 4909 nean
1850 4871 1903 4909 ot
1923 4869 1994 4909 St.
2024 4869 2441 4911 Martia-le-Grand
2469 4869 2517 4910 in
2548 4870 2752 4919 London.
2781 4883 2885 4915 was
2912 4872 3050 4913 made
3078 4874 3258 4922 Bishop

783 4919 836 4963 of
863 4921 1114 4961 Lausanne
1141 4918 1188 4959 in
1219 4919 1328 4959 127⁴,
1380 4920 1574 4963 (Patent
1603 4914 1764 4963 Rolls).
