3619 5868
509 3860 608 3902 Pol.
642 3861 706 3903 lb.

806 567 846 627 2
1148 606 1152 611 ·
1465 568 1823 648 Reqistrum
1880 570 2099 631 Thomc
2154 570 2227 631 de
2286 570 2618 650 Cantilupo

800 791 990 851 clesie
1047 800 1256 853 nostre
1315 792 1797 855 Herefordensis
1854 795 1935 855 ad
1998 814 2179 856 suam
2250 795 2679 865 collacionem,
2752 794 2899 855 sede
2967 802 3263 867 vacante,

801 908 1106 977 spectare,
1153 899 1419 959 eandem
1469 899 1721 960 domino
1772 900 2051 961 Henrico
2099 900 2227 960 filio
2285 901 2525 971 Garini,
2578 901 2726 962 sede
2781 908 3066 972 vacante,
3112 920 3267 961 con·

800 1004 1016 1064 tulerit
1037 1024 1052 1076 ;
1111 1024 1226 1065 nos
1283 1005 1564 1065 volentes
1619 1006 1811 1084 Regie
1868 1006 2155 1085 dignitati
2211 1005 2453 1066 deferre
2508 1014 2571 1066 et
2631 1006 3037 1066 attendentes
3096 1006 3273 1086 quod

800 1110 976 1170 vobis
1014 1117 1124 1171 aut
1161 1111 1339 1171 nobis
1378 1130 1490 1171 seu
1529 1112 1813 1173 Ecclesie
1850 1122 2066 1173 nostre
2108 1114 2377 1173 multum
2420 1112 2485 1172 in
2529 1111 2648 1173 hoc
2691 1112 2790 1173 vel
2829 1112 2897 1171 in
2940 1112 3079 1173 aliis
3128 1114 3265 1173 vult

799 1236 911 1297 per
957 1238 1100 1278 eum
1148 1218 1562 1296 prejudicium
1611 1219 1915 1296 generari,
1974 1218 2388 1298 equanimiter
2446 1218 2787 1279 toleramus
2834 1224 2898 1278 et
2946 1226 3256 1298 tanquam

799 1324 994 1385 frater
1020 1332 1226 1385 vester
1255 1332 1318 1385 et
1346 1326 1808 1385 concanonicus
1838 1325 2223 1386 consulimus
2257 1330 2321 1384 et
2356 1343 2649 1402 rogamus
2681 1324 2982 1403 quatinus
3014 1322 3261 1385 dictum

801 1429 1148 1491 Henricum
1195 1441 1266 1491 ut
1317 1439 1546 1491 extunc
1590 1431 1671 1492 ad
1727 1431 1999 1493 officium
2052 1430 2493 1492 Penitenciarii
2543 1430 2893 1492 admittatis
2940 1430 3003 1490 in
3056 1430 3263 1491 forma

796 1558 921 1617 qua
969 1538 1276 1617 prefectos
1325 1557 1435 1617 per
1484 1538 1833 1618 Episcopos
1890 1538 2385 1599 Herefordenses
2440 1557 2553 1618 pro
2610 1548 2889 1617 tempore
2946 1538 3027 1599 ad
3088 1538 3255 1599 idem

797 1646 1069 1706 officium
1113 1644 1440 1706 admittere
1483 1646 1802 1706 solebatis,
1899 1645 2177 1707 Valeatis
2218 1646 2284 1705 in
2330 1645 2602 1705 Domino
2646 1644 2915 1707 Christo,
3022 1646 3261 1705 Datum

797 1750 964 1829 apud
1013 1750 1416 1829 Wyndesore,
1464 1751 1587 1829 xvij
1636 1751 1959 1813 Kalendas
2004 1752 2287 1830 Augusti,
2334 1770 2504 1811 anno
2546 1751 2849 1829 predicto.

793 1978 946 2056 July
1007 1979 1314 2039 18.—Tlae
1373 1980 1548 2039 Elect
1605 1980 1874 2059 deplores
1934 1981 2030 2040 the
2085 1981 2369 2041 scandak
2426 1982 2551 2041 and
2603 1980 2984 2042 animosities
3034 1983 3261 2043 caused

1039 2060 1112 2138 by
1158 2060 1253 2120 the
1298 2068 1409 2119 two
1451 2060 1616 2120 rival
1656 2062 1984 2121 claimants
2031 2069 2087 2121 to
2132 2062 2228 2121 the
2270 2063 2569 2139 Dcanery,
2614 2063 2761 2122 each
2802 2064 2871 2141 os
2905 2063 3103 2122 whom
3146 2064 3258 2123 hez-s

1038 2141 1366 2219 appointed
1407 2162 1447 2201 a
1491 2142 1813 2211 Subdean;
1876 2143 1945 2202 he
1984 2142 2116 2220 heys
2159 2142 2254 2203 the
2294 2143 2559 2221 Chapter
2598 2151 2655 2203 to
2701 2164 2801 2203 use
2844 2143 2921 2203 its
2962 2144 3265 2221 irfizoence

1037 2222 1190 2281 with
1260 2222 1420 2283 the-m
1488 2223 1621 2282 that
1693 2223 1764 2283 he
1832 2244 1973 2301 may
2042 2231 2147 2283 not
2218 2224 2367 2284 have
2438 2231 2495 2284 to
2564 2232 2756 2284 resort
2828 2231 2885 2284 to
2954 2226 3261 2303 strinqent

1037 2323 1356 2363 vneasures.

962 2444 1773 2524 Hassronnn.—Gapitulo
1820 2444 2267 2506 Herefordensi
2310 2445 2601 2506 salutem.
2684 2444 2945 2520 ‚Quanti
2992 2446 3267 2517 dolores,

794 2559 950 2633 quot
998 2552 1300 2631 angustie,
1351 2571 1472 2632 que
1522 2558 1839 2612 tormenta
1890 2556 2106 2611 nostra
2154 2550 2450 2611 interiora
2492 2550 2867 2611 conturbent
2910 2570 3027 2611 nec
3080 2552 3263 2612 vobis

795 2660 1008 2738 lingua
1062 2660 1364 2720 disserere
1421 2678 1535 2719 nec
1589 2678 1702 2738 per
1763 2658 2135 2737 scripturam
2196 2676 2531 2736 possumus
2600 2659 2957 2737 explanare.
3088 2660 3265 2719 Ecce

795 2768 985 2840 enim,
1035 2766 1185 2825 dum
1235 2764 1300 2824 in
1347 2784 1498 2843 pace
1544 2764 1923 2825 credidimus
1970 2765 2236 2824 existere
2286 2764 2492 2823 locum
2536 2772 2843 2836 nostrum,
2888 2764 3031 2825 lites
3076 2764 3265 2826 nobis

794 2891 1126 2946 enormes,
1173 2871 1472 2932 scandala
1540 2870 1831 2951 plurima,
1901 2876 1965 2930 et
2034 2868 2479 2929 contenciones
2554 2868 2890 2930 multifarie
2963 2876 3113 2929 sunt
3189 2870 3261 2929 in

793 2987 1108 3060 promptu.
1197 2979 1283 3038 Et
1325 2997 1364 3038 a
1404 2977 1632 3059 quibus
1675 2977 1924 3038 deceret
1967 2976 2031 3036 in
2070 2977 2325 3037 civitate
2364 2976 2603 3037 iontem
2641 2977 2891 3055 justicie
2932 2977 3261 3049 scaturire,

793 3103 872 3145 ex
919 3085 1063 3156 illis,
1115 3093 1184 3144 ut
1228 3085 1474 3155 dicitur,
1525 3083 1859 3160 insurgunt
1900 3083 2105 3162 jurgia
2146 3089 2210 3143 et
2254 3083 2533 3143 nascitur
2574 3083 2820 3144 occasio
2864 3083 3261 3144 delictorum.

796 3191 970 3252 Sicut
1010 3190 1178 3251 enim
1217 3191 1396 3251 nobis
1435 3211 1634 3269 nuper
1671 3190 1840 3251 fideli
1876 3191 2010 3261 fuit,
2049 3197 2119 3250 ut
2154 3189 2487 3261 credimus,
2525 3191 2835 3252 relacione
2870 3203 3261 3269 suggestum,

792 3296 911 3358 sub
948 3296 1403 3358 venerabilibus
1440 3295 1739 3356 fratribus
1777 3295 1901 3354 illis
1935 3295 2179 3354 duobus
2216 3295 2324 3374 qui
2363 3293 2653 3354 videlicet
2693 3315 2883 3374 super
2922 3295 3261 3358 Decanatu

791 3402 1201 3474 contendunt,
1260 3402 1540 3463 membra
1595 3401 1871 3461 civitatis
1928 3407 2140 3461 nostre
2199 3409 2421 3461 nutare
2478 3409 2839 3471 cernuntur,
2898 3400 3049 3460 dum
3104 3400 3259 3461 duo¹

793 3508 1004 3588 capita
1057 3527 1125 3568 se
1179 3507 1413 3568 habere
1467 3507 1883 3585 conspiciunt,
1950 3507 2059 3585 qui
2124 3506 2310 3567 ambo
2370 3515 2617 3566 nostros
2672 3505 2957 3566 subditos
3006 3526 3255 3568 excom-

791 3615 1116 3674 municant
1154 3621 1216 3674 et
1257 3613 1667 3692 suspendunt,
1711 3613 1907 3673 immo
1944 3613 2161 3690 pocius
2204 3613 2374 3671 omni
2418 3631 2544 3691 qua
2583 3623 2850 3691 possunt
2891 3612 3261 3673 confusione

791 3725 1204 3796 confundunt,
1263 3732 1325 3785 et
1382 3733 1643 3804 uterque
1699 3743 1914 3783 eorum
1968 3721 2083 3783 sibi
2135 3722 2300 3791 iecit,
2354 3729 2574 3782 contra
2626 3721 2921 3802 antiquas
2970 3721 3257 3782 Ecclesie

790 3831 1296 3902 consuetudines,
1356 3829 1828 3891 subdecanum.²
1930 3829 2028 3889 Ex
2085 3827 2312 3908 quibus
2368 3828 2573 3888 timeri
2629 3836 2895 3906 possunt
2952 3827 3251 3906 perjuria,

792 3937 1145 3998 animarum
1186 3936 1482 4016 pericula,
1529 3943 1590 3995 et
1632 3935 1863 4014 poterit
1906 3953 2200 3994 successu
2240 3933 2539 4011 temporis
2577 3931 2735 3993 fides
2777 3933 3139 4011 periclitari,
3186 3941 3253 3993 et

791 4041 1043 4103 dabitur
1073 4060 1320 4120 semper
1353 4040 1552 4118 major
1585 4059 1659 4100 ac
1695 4038 1898 4117 major
1936 4039 2227 4117 malignis
2266 4040 2544 4099 materia·
2574 4037 2996 4117 delinquendi.
3082 4037 3253 4113 Quo·

786 4149 954 4209 circa
989 4147 1450 4208 fraternitatem
1491 4154 1764 4205 vestram
1807 4152 2048 4204 attente
2092 4143 2463 4223 requirimus
2512 4152 2575 4204 et
2616 4163 2910 4223 rogamus
2950 4143 3253 4222 quatinus

787 4253 1102 4334 predictos
1131 4253 1288 4312 duos
1323 4251 1535 4311 taliter
1568 4249 2026 4310 contendentes
2059 4260 2121 4310 et-
2157 4255 2591 4328 procuratores
2624 4247 2899 4325 ipsorum
2939 4249 3071 4308 vice
3108 4268 3254 4309 nos·

787 4367 887 4420 tra
927 4358 1237 4418 moneatis
1281 4364 1342 4418 et
1383 4357 1717 4417 efficaciter
1759 4355 2075 4415 inducatis
2118 4360 2187 4414 ut
2230 4373 2406 4414 arma
2457 4374 2580 4414 non
2624 4360 2940 4426 moveant,
2986 4373 3101 4414 nec
3143 4373 3263 4432 per

786 4483 934 4526 suos
977 4463 1210 4524 moveri
1251 4463 1640 4540 permittant.
1689 4480 1803 4521 nec
1846 4479 2067 4539 pacem
2112 4458 2394 4520 Ecclesie
2451 4459 2578 4519 ullo
2626 4458 2815 4519 modo
2863 4460 3255 4537 perturbent,

787 4570 886 4631 vel
929 4569 1163 4650 aliquid
1206 4569 1441 4629 faciant
1486 4587 1598 4648 per
1640 4567 1806 4647 quod
1853 4566 2199 4645 periculum
2243 4584 2571 4644 corporum
2625 4573 2735 4626 aut
2776 4565 2974 4626 eciam
3017 4566 3259 4628 anima-

783 4697 924 4738 rum
989 4676 1196 4736 valeat
1260 4674 1539 4747 iminere,
1604 4685 1702 4735 set
1765 4675 1843 4734 de
1905 4674 2165 4734 consilio
2228 4673 2577 4733 amicorum
2644 4673 2919 4752 aliquam
2988 4673 3257 4772 formam

934 4805 1100 4845 l—The
1125 4809 1222 4846 two
1248 4804 1366 4845 rival
1393 4803 1648 4845 claimants
1673 4815 1798 4844 were
1824 4803 1949 4843 John
1976 4801 2032 4843 de
2060 4801 2365 4850 Aquablanca
2390 4799 2483 4842 and
2502 4801 2631 4842 Giles
2648 4799 2705 4842 de
2724 4800 2999 4848 Avenbury:
3026 4813 3075 4842 v.
3106 4803 3261 4844 intro-

779 4857 1077 4946 ductutlh—1⁸10
1105 4903 1326 4945 Subdean
1355 4903 1396 4942 is
1431 4901 1700 4948 recognised
1737 4902 1782 4942 in
1819 4903 1901 4942 the
1936 4900 2261 4943 constitution
2288 4899 2337 4941 of
2372 4902 2454 4941 the
2488 4901 2711 4947 Chapter.
2742 4899 2825 4941 but
2852 4900 2935 4942 the
2960 4899 3173 4947 delegate
3196 4899 3253 4942 of

777 4957 860 4998 the
889 4955 1019 4996 Dean
1047 4955 1094 4994 in
1123 4955 1196 4994 his
1223 4954 1340 4994 local
1365 4953 1679 5000 jurisdiction.
1707 4953 1889 4998 though
1916 4957 1997 4992 not
2025 4964 2054 4993 a
2082 4953 2291 4993 member
2307 4949 2357 4992 of
2379 4953 2463 4992 the
2489 4952 2711 4997 chapter.
2730 4962 2834 4992 was
2852 4951 3005 4998 styled
3028 4951 3253 4992 subdean

777 5007 826 5046 in
852 5005 1042 5046 ancient
1077 5004 1373 5046 documenta.
