3619 5868
1172 508 1471 589 Episcopi
1524 509 2005 588 Herefordensis.
2699 510 2819 571 287

359 734 661 797 Canonici
706 734 921 796 Sancti
966 734 1225 795 Martini
1267 733 1757 805 Londoniarum,
1802 733 2180 794 Executoris
2226 734 2496 810 delegati
2539 752 2576 792 a
2621 734 2816 811 Papa,

357 840 846 913 commissarium
919 822 1189 901 discreto
1273 840 1405 900 viro
1489 838 1755 901 Officiali
1832 839 2016 900 Curie
2092 838 2584 911 Oantuariensis‚
2660 838 2821 898 Sede

355 953 640 1016 vacante,
686 946 976 1017 salutem,
1022 952 1140 1007 etc.
1246 946 1310 1007 Si
1353 946 1566 1005 Prima
1611 946 1802 1007 Sedes
1846 953 2118 1025 nequeat
2157 945 2423 1023 judicari
2465 945 2545 1006 ab
2587 946 2818 1025 aliqu0,

356 1051 498 1133 quis
556 1051 648 1112 ita
711 1052 974 1112 insanus
1036 1061 1109 1112 ut
1170 1052 1526 1129 delegatum
1590 1051 1807 1130 ipsius,
1867 1051 1932 1110 in
1997 1051 2118 1111 hiis
2177 1070 2298 1131 que
2355 1051 2817 1129 delegacionem

357 1157 748 1236 contingunt,
793 1157 1008 1217 credat
1055 1158 1239 1218 Curie
1283 1156 1724 1218 Cantuariensi
1769 1156 2114 1235 subjacere.
2219 1157 2588 1235 Derogastis
2630 1156 2822 1234 igitur

356 1264 655 1343 primatui
718 1264 997 1324 Ecclesie
1064 1263 1344 1323 Romane
1406 1262 1470 1321 in
1531 1262 1648 1323 hoc
1712 1262 1876 1341 quod
1942 1263 2220 1333 Decano,
2287 1270 2502 1327 nostro
2563 1262 2817 1341 college,

358 1367 639 1428 inhibere
688 1367 961 1429 curastis
1009 1388 1089 1427 ne
1139 1368 1203 1427 in
1254 1368 1625 1428 execucione
1675 1368 1996 1428 sentencie
2039 1368 2712 1429 excommunicacionis
2749 1368 2816 1428 in

356 1473 717 1534 Johannem
775 1474 851 1535 de
907 1475 1081 1544 Pola,
1135 1474 1333 1534 Adam
1397 1474 1475 1534 de
1540 1474 1869 1553 Meynoth,
1935 1474 2262 1535 Heilinum
2328 1475 2406 1535 de
2468 1475 2815 1547 Bourtone,

358 1580 759 1640 ecclesiarum
834 1582 1151 1651 Rectores,
1225 1580 1577 1649 Griffinum,
1638 1580 1982 1651 Vicarium,
2053 1590 2118 1640 et
2189 1580 2556 1659 Gregorium
2621 1580 2820 1659 ipsius

358 1686 617 1746 ecclesie
666 1686 744 1746 de
793 1687 969 1756 Pola,
1022 1696 1085 1746 et
1133 1686 1487 1747 Johannem
1540 1686 1799 1748 ecclesie
1857 1688 1935 1746 de
1991 1686 2403 1758 Guildefelde,
2455 1687 2820 1765 capellanos

356 1798 689 1870 perpetuos
750 1792 1165 1870 promulgate,
1232 1791 1315 1852 ad
1377 1792 1758 1851 instanciam
1822 1790 2212 1851 Venerabilis
2281 1791 2492 1851 Patris
2563 1790 2818 1851 Domini

356 1896 614 1968 Thome,
670 1896 1154 1957 Herefordensis
1204 1896 1521 1975 Episcopi,
1574 1897 1948 1957 auctoritate
2003 1896 2178 1957 Sedis
2231 1897 2586 1975 Apostolice
2636 1896 2818 1979 nobis

355 2003 713 2073 commissa,
759 2002 1119 2080 procederet
1162 2002 1327 2081 quod
1369 2002 1592 2062 citaret
1632 2001 1870 2061 dictum
1915 2002 2298 2081 Episcopum
2344 2002 2529 2081 quod,
2576 2002 2642 2060 in
2682 2021 2821 2080 pre·

355 2107 489 2168 fato
524 2108 779 2185 negocio
818 2127 1249 2187 responsurae,
1282 2127 1493 2167 coram
1522 2108 1697 2168 vobis
1731 2115 2120 2186 compareret
2163 2108 2354 2168 certis
2397 2107 2497 2168 die
2539 2118 2603 2167 et
2642 2108 2816 2178 loco;

356 2234 498 2274 cum
544 2223 757 2273 tamen
797 2214 863 2273 in
909 2214 1029 2273 hac
1061 2221 1243 2292 parte
1281 2219 1564 2291 oporteat
1606 2234 1721 2274 nos
1757 2212 2016 2293 obsequi
2053 2232 2180 2273 non
2214 2214 2544 2293 imperare.
2619 2213 2820 2294 Cujus

356 2320 607 2399 quidem
666 2320 1163 2399 presumpcionis
1220 2320 1549 2380 temerarie
1612 2320 1944 2390 ulcionem,
2003 2319 2083 2380 ob
2146 2321 2566 2381 reverenciam
2632 2319 2818 2383 Curis

357 2424 850 2497 Cantuariensis,
937 2432 1370 2503 pretereuntes
1451 2411 1815 2503 adpresens,
1901 2424 2075 2485 vobis
2160 2431 2222 2486 et
2306 2426 2598 2486 omnibus
2681 2425 2818 2486 aliis

356 2531 725 2603 Ordinariis,
771 2533 1143 2592 auctoritate
1200 2550 1326 2611 qua
1379 2531 1695 2609 fungimur
1748 2530 2127 2603 inhibemus,
2175 2531 2294 2592 sub
2350 2551 2515 2610 pena
2571 2552 2819 2592 excom·

355 2636 805 2697 municacionis
868 2636 1143 2716 majoris,
1195 2656 1386 2716 quam
1450 2656 1699 2697 exnunc
1756 2635 1822 2695 in
1884 2656 2010 2696 non
2067 2644 2363 2715 parentes
2418 2636 2815 2716 proferimus,

351 2762 431 2803 ne
499 2762 610 2821 per
676 2744 1082 2814 monicioneS,
1154 2742 1586 2812 inhibiciones,
1659 2742 2205 2815 comminaciones,
2266 2745 2642 2813 sentencias,
2707 2762 2820 2803 seu

349 2849 809 2929 qualiacunque
862 2858 1162 2928 precepta
1218 2868 1333 2909 nos
1391 2854 1501 2907 aut
1560 2848 1795 2908 dictum
1855 2847 2241 2927 Episcopum
2293 2849 2527 2909 directe
2569 2868 2682 2909 seu
2723 2848 2816 2908 in-

348 2954 605 3026 directe,
638 2955 802 3015 clam
837 2955 934 3015 vel
976 2955 1211 3032 palam,
1242 2953 1541 3033 impedire
1584 2953 1876 3014 decetero
1919 2954 2317 3032 presumatis,
2351 2960 2461 3015 aut
2500 2955 2817 3016 Ordinarii

348 3059 680 3120 memorati
755 3066 1147 3138 presumant,
1232 3059 1568 3139 quominus
1651 3059 2024 3119 mandatum
2109 3061 2538 3138 Apostolicum
2625 3060 2817 3122 libere

349 3165 670 3227 valeamus
738 3185 1083 3244 peragere,.
1126 3171 1189 3225 et
1265 3165 1473 3226 dictus
1550 3165 1902 3244 Episcopus
1987 3173 2412 3245 consequatur
2491 3166 2815 3245 justiciam

351 3271 696 3332 secundum
755 3280 1036 3331 tenorem
1094 3270 1377 3349 ejusdem
1435 3270 1735 3331 mandati.
1843 3271 2006 3346 Quid
2064 3271 2140 3331 de
2194 3271 2471 3350 presenti
2512 3272 2816 3333 mandato

348 3377 651 3438 duxeritis
706 3377 1082 3448 faciendum,
1129 3383 1249 3438 etc.
1354 3377 1590 3438 Datum
1649 3377 2044 3438 Gloucestrie
2101 3377 2143 3455 ij
2204 3376 2359 3438 Idus
2415 3377 2812 3451 Novembris,

349 3501 517 3543 anno
574 3483 1007 3544 M⁰CG⁰LXX⁰
1061 3487 1304 3544 octavo·

350 3763 513 3824 June
568 3767 625 3822 1.
630 3762 863 3823 —Buzz
919 3763 989 3843 of
1039 3762 1334 3823 Nichohzs
1394 3763 1521 3822 III.
1581 3762 1939 3853 ccnfirminq
2004 3764 2102 3825 the
2157 3772 2427 3825 sentence
2481 3785 2514 3826 ο
2584 3786 2811 3828 excom·

588 3842 975 3904 manication
1025 3843 1415 3923 pronounoed
1476 3843 1724 3922 aqainst
1787 3844 1884 3904 the
1942 3845 2236 3923 offenders
2298 3866 2384 3906 ‘na
2582 3846 2652 3907 in
2715 3849 2812 3909 the

594 3925 714 3986 last
770 3931 943 4002 entry
870 3945 962 4002 ry,
1003 3924 1136 3986 who
1198 3924 1321 3984 had
1380 3925 1521 3985 been
1579 3925 1777 4002 quilty
1840 3925 1911 4005 of
1959 3925 2221 3986 violence
2269 3927 2395 3986 and
2450 3926 2816 4006 robbevyin

594 4005 691 4066 the
735 4005 911 4067 lands
954 4005 1025 4085 of
1060 4004 1158 4066 the
1204 4005 1498 4067 Convents
1541 4006 1611 4085 os
1649 4005 1959 4084 Chii-bury
2001 4007 2128 4067 and
2168 4006 2524 4086 Albai-bury.

509 4173 739 4232 Bnnm
767 4189 1015 4232 comm
1045 4189 1401 4232 rma-,moros
1429 4189 1936 4233 umnrscmonns
1966 4175 2810 4250 mmmmm—Nicholaus,

346 4277 721 4357 Episcopus,
789 4277 1018 4338 Servus
1082 4295 1400 4338 servorum
1466 4278 1605 4349 Dei,
1671 4277 1904 4338 dilecto
1961 4278 2110 4351 filio,
2171 4280 2475 4358 magistro
2536 4281 2670 4343 Ade
2733 4283 2814 4343 de

347 4382 587 4463 Fileby,
634 4383 951 4444 Canonico
998 4383 1215 4443 Sancti
1271 4383 1531 4443 Martini
1588 4383 2078 4455 Londoniarum,
2126 4384 2416 4458 salutem,
2462 4393 2582 4447 etc.
2689 4389 2817 4450 Sua

346 4492 527 4564 nobis
568 4489 961 4552 Venerabilis
1018 4491 1239 4551 Frater
1281 4495 1513 4562 noster,
1558 4490 1858 4562 Thomas,
1904 4491 2258 4570 Episcopus
2307 4494 2813 4568 Herefordensis,

345 4596 656 4676 peticione
700 4595 1075 4656 monstravit
1118 4595 1287 4674 quod
1328 4595 1651 4657 Johannes
1693 4596 1772 4657 de
1829 4597 2003 4668 Pola,
2049 4597 2252 4658 Adam
2296 4598 2374 4659 de
2419 4599 2703 4678 Meynot,
2748 4609 2813 4662 et

348 4703 662 4782 Heylinus
726 4701 805 4762 de
866 4701 1207 4778 Bourtone,
1274 4701 1680 4762 ecclesiarum
1744 4703 2066 4776 Rectores,
2126 4704 2447 4777 Griffinus,
2500 4706 2808 4781 Vicarius,

345 4816 411 4871 et
479 4808 815 4887 Gregorius
883 4807 1081 4886 ipsius
1152 4806 1411 4868 ecclesie
1480 4807 1559 4868 de
1627 4807 1782 4869 Pola
1852 4827 1925 4870 ac
1992 4809 2033 4870 J
2039 4809 2341 4881 ohannes,
2408 4812 2669 4874 ecclesie
2731 4813 2811 4875 de

345 4913 781 4987 Guildeffelde,
832 4913 1141 4993 capellani
1200 4914 1507 4993 perpetui,
1557 4915 2042 4976 Herefordensis
2107 4923 2170 4978 et
2233 4917 2609 4980 Assavensis
2674 4919 2804 4981 dio·
