3619 5868
139 3009 238 3051 Fol.
264 3010 329 3050 89.

1279 518 1581 600 Episcopi
1634 518 2117 599 Heresordensis.
2813 523 2930 586 133

451 767 606 846 Auq.
665 766 1146 829 28.-—Mandate
1202 775 1260 829 to
1303 768 1401 829 the
1461 769 1700 847 Official
1756 777 1815 830 to
1856 770 1990 849 qive
2037 771 2251 850 public
2292 771 2573 850 warninq
2616 771 2750 831 that
2795 791 2920 850 any

691 847 824 909 who
876 848 1025 909 have
1065 849 1246 910 taken
1285 869 1460 927 away
1501 850 1771 911 charters
1809 871 1880 916 ον
1926 852 2293 912 munimenta·
2335 853 2406 930 of
2442 851 2539 913 the
2580 852 2916 913 Gathedral

692 949 761 990 or
807 929 1095 990 charchas·
1150 930 1222 1009 of
1263 930 1360 990 the
1406 929 1655 1003 diocese,
1705 951 1775 992 or
1828 952 1933 992 are
1976 931 2299 1011 coqnizant
2342 934 2413 1011 of
2452 933 2605 994 such
2644 934 2913 1012 offences,

693 1009 827 1071 will
868 1010 934 1070 be
973 1011 1541 1072 excommunic-abed.

610 1168 746 1227 Pao
821 1185 1238 1240 vamnerm,
1318 1185 1560 1239 omns,
1639 1187 1724 1228 ΕΤ
1792 1186 1964 1229 Anus
2041 1187 2458 1230 munmsnrrs
2548 1169 2931 1230 Eccmzsnu

449 1273 1043 1335 Hansronnansnu
1143 1275 2104 1346 courmenurmus.-Thomas,
2220 1281 2359 1346 etc„
2458 1275 2721 1336 Officiali
2815 1296 2931 1336 suo

447 1380 733 1451 salutem,
805 1385 923 1452 etc,
1036 1379 1197 1441 Cum
1266 1401 1468 1440 canon
1536 1381 1664 1441 late
1733 1381 2054 1442 sentencie
2123 1380 2403 1461 singulos
2474 1380 2752 1442 involvat
2815 1381 2925 1461 qui

445 1485 778 1547 facultates
862 1485 1145 1548 Ecclesie
1227 1486 1546 1566 diripiunt,
1622 1486 1764 1566 jura
1845 1487 2234 1566 perturbant,
2314 1491 2379 1546 et
2445 1486 2767 1547 libertates
2836 1486 2930 1545 in-

444 1591 744 1672 fringunt,
815 1612 943 1653 non
1016 1593 1309 1654 inmerito
1391 1593 1621 1653 debent
1704 1593 2025 1654 sentencie
2094 1613 2391 1654 mucrone
2478 1592 2730 1672 percelli
2820 1592 2928 1672 qui

443 1699 784 1780 privilegia,
831 1704 1054 1769 cartaS,
1099 1719 1171 1758 ac
1213 1699 1335 1758 alia
1383 1699 1778 1759 munimenta
1819 1698 2045 1778 quibus
2095 1699 2161 1758 in
2209 1698 2537 1778 premissis
2581 1704 2919 1760 censentur

444 1805 727 1865 Ecclesie
784 1805 1025 1884 protegi
1085 1825 1198 1864 seu
1256 1803 1548 1876 deffendi,
1609 1825 1803 1864 manu
1854 1805 2155 1884 sacrilega
2216 1805 2585 1866 subtrahere
2654 1811 2720 1866 et
2779 1805 2921 1866 sub-

445 1917 647 1972 tracta
708 1910 988 1972 detinere
1049 1915 1284 1972 temere
1342 1916 1879 1991 presumpserunt.
1986 1910 2159 1972 Hinc
2214 1916 2311 1972 est
2373 1913 2558 1991 quod,
2602 1932 2747 1971 cum
2802 1931 2921 1973 nos

446 2017 600 2078 alias
659 2017 834 2078 vobis
893 2017 1219 2096 scripsisse
1276 2016 1679 2078 meminimus
1739 2017 1907 2097 quod
1964 2017 2031 2076 in
2090 2017 2310 2097 majori
2377 2017 2663 2078 Ecclesia
2725 2018 2924 2078 Here·

445 2122 738 2194 fordensi,
793 2143 1038 2184 necnon
1091 2128 1154 2183 et
1205 2123 1272 2182 in
1326 2122 1587 2203 singulis
1644 2122 1968 2200 [ecclesiis]
2024 2123 2308 2203 ejusdem
2365 2122 2673 2195 Civitatis,
2733 2123 2924 2184 simul

447 2249 592 2290 cum
634 2227 1150 2289 conventualibus
1191 2233 1255 2288 et
1298 2228 1436 2288 aliis
1478 2232 1692 2290 nostre
1741 2229 2026 2300 diocesis,
2077 2229 2509 2308 sollempniter
2557 2234 2622 2290 et
2675 2211 2923 2308 publice

447 2333 865 2394 monicionem
907 2333 1195 2394 faceretis
1237 2334 1404 2414 quod
1445 2354 1665 2395 omnes
1707 2339 1772 2395 et
1822 2333 2051 2413 sing-uli
2100 2334 2207 2413 qui
2256 2334 2334 2394 de
2385 2333 2727 2413 privilegiis
2778 2340 2918 2406 etc„

445 2459 562 2500 nos
611 2444 676 2500 et
724 2439 1075 2500 Ecclesiam
1116 2444 1398 2501 nostram
1439 2440 1787 2519 predictam
1828 2439 2343 2519 qualitercunque
2386 2439 2915 2518 contingentibus,

447 2565 636 2606 causa
690 2565 1061 2626 quacunque
1116 2545 1214 2607 vel
1268 2545 1596 2607 occasione
1651 2545 2053 2616 detinuerint,
2111 2544 2211 2606 vel
2266 2544 2501 2624 aliquid
2548 2544 2911 2623 hujusmodi

447 2652 526 2714 de
562 2672 778 2714 eorum
817 2653 1246 2714 detentoribus
1283 2652 1596 2724 sciverint,
1635 2652 1818 2713 nobis
1856 2652 2013 2713 citra
2050 2652 2311 2713 Festum
2351 2651 2535 2712 Beati
2578 2651 2909 2712 Laurencii

446 2759 730 2838 proximo
784 2758 1172 2838 preteritum,
1224 2759 1341 2820 sub
1389 2779 1553 2838 pena
1609 2758 1867 2838 majoris
1928 2756 2599 2819 excommunicacionis
2661 2757 2912 2818 restitu—

448 2870 626 2925 erent
680 2864 779 2925 vel
834 2864 1173 2936 referrent;
1239 2884 1426 2945 super
1481 2884 1606 2946 quo
1659 2864 1806 2925 licet
1864 2863 2043 2925 nobis
2086 2863 2297 2945 aliqua
2341 2868 2757 2944 suggerantur
2798 2883 2921 2943 que

445 2973 945 3055 presumpcionis
985 2972 1276 3034 violentis
1318 2978 1537 3033 contra
1578 2972 1885 3052 quosdam
1926 2972 2055 3031 sint
2103 2969 2526 3031 verisimiliter
2574 2968 2914 3041 inductiva,

446 3084 662 3141 tamen
719 3079 1018 3140 mandato
1073 3083 1291 3140 nostro
1348 3098 1476 3139 non
1535 3083 1632 3139 est
1689 3078 1964 3157 paritum
2028 3082 2099 3137 ut
2160 3076 2481 3137 vellemus.
2614 3075 2923 3149 Quocirca

446 3186 624 3248 vobis
686 3186 1059 3246 mandamus
1118 3190 1334 3245 tenore
1387 3182 1783 3264 presencium
1838 3182 2103 3244 firmiter
2155 3182 2557 3261 injungentes
2611 3181 2910 3261 quatinus

447 3294 514 3353 in
545 3293 701 3354 locis
734 3291 1058 3372 premissis
1094 3311 1315 3352 omnes
1352 3296 1416 3352 et
1455 3290 1733 3371 singulos
1767 3289 1874 3370 qui
1910 3290 1986 3351 de
2019 3288 2345 3369 premissis
2379 3287 2738 3368 privilegiis,
2774 3293 2915 3361 etc„

447 3399 930 3469 subtraxerunt,¹
979 3402 1044 3459 et
1099 3403 1315 3458 nostra
1371 3396 1724 3457 monicione
1784 3395 2094 3475 legittima
2156 3414 2283 3455 non
2342 3394 2652 3465 obstante,
2710 3392 2917 3454 adhuc

447 3506 732 3566 detinent
799 3504 890 3565 sic
952 3503 1323 3575 substracta,
1393 3501 2065 3564 excommunicacionis
2134 3500 2457 3561 sentencia
2518 3499 2911 3561 denuncietis

449 3610 879 3690 sollempniter
933 3616 996 3670 et
1050 3610 1297 3689 publice
1352 3609 1762 3679 innodandos,
1814 3628 2003 3689 quam
2052 3627 2297 3668 exnunc
2350 3605 2741 3685 proferimus,
2791 3606 2917 3667 nisi

447 3717 606 3777 citra
649 3717 910 3777 Festum
958 3715 1172 3776 Sancti
1219 3715 1548 3776 Michaelis
1597 3714 1880 3793 proximo
1928 3714 2211 3774 futurum
2254 3713 2472 3774 eadem
2516 3712 2697 3773 nobis
2737 3712 2917 3773 resti-

447 3827 632 3883 tuant
700 3822 836 3882 sine
905 3840 1077 3881 more
1146 3820 1473 3900 dispendio
1540 3819 1877 3899 longioris;
1947 3838 2166 3879 omnes
2228 3817 2430 3879 eciam
2498 3822 2562 3878 et
2630 3816 2912 3896 singulos

446 3929 898 3991 denunciantes
946 3928 1165 3989 eadem
1214 3926 1536 3988 sentencia
1583 3926 1977 3986 innodandos
2025 3924 2132 4004 qui
2181 3924 2259 3985 de
2308 3922 2631 4003 premissis
2674 3922 2912 4002 aliquid

447 4035 760 4106 sciverint,
823 4033 946 4094 nisi
1001 4032 1165 4093 infra
1225 4038 1475 4111 tempus
1533 4030 1886 4111 predictum
1944 4030 2099 4089 illud
2157 4028 2337 4089 nobis
2399 4028 2675 4107 plenarie
2734 4047 2909 4088 cura-

446 4141 652 4203 verint
707 4140 1016 4201 intimare.
1142 4138 1307 4213 Quid
1362 4143 1592 4207 autem,
1650 4141 1768 4197 etc.
1895 4137 2134 4195 Datum
2190 4135 2356 4213 apud
2411 4133 2808 4212 Prestebury,
2865 4153 2909 4195 v

447 4248 764 4309 Kalendas
822 4246 1226 4326 Septembris,
1284 4243 1794 4306 consecracionis
1851 4248 2066 4303 nostre
2120 4261 2288 4303 anno
2344 4241 2637 4302 secundo.

1342 4966 1470 5006 l—In
1496 4966 1598 5007 MS.
1624 4962 2040 5006 subtraxherunt.
