3619 5868
828 487 946 548 262
1479 487 1845 566 ‚Reqistrwn
1902 486 2121 548 nome
2173 486 2247 548 de
2306 487 2636 567 Cantibupo

829 711 1220 791 Episcopatu
1263 731 1397 783 suo,
1445 717 1576 770 tam
1620 710 1696 771 de
1738 710 2187 789 spiritualitate
2228 731 2420 792 quam
2470 713 2954 791 temporalitate,
3006 733 3044 772 a
3090 712 3305 773 Festo

831 818 1047 880 Sancti
1112 817 1463 888 Michaelis,
1535 835 1704 877 anno
1773 817 2050 888 Domini,
2114 823 2257 888 etc„
2321 817 2656 878 LXX⁰IX⁰
2712 837 2909 898 usque
2976 819 3061 878 ad
3118 817 3301 878 idem

828 925 1060 987 festum
1118 945 1284 985 anno
1345 924 1648 996 revolute,
1714 944 1753 985 a
1813 923 2077 993 ballivis,
2130 925 2483 1003 prepositis,
2548 933 2613 986 et
2670 923 3301 985 administratoribus

829 1030 1344 1111 quibuscunque;
1396 1030 1555 1091 dans
1597 1028 1688 1090 eis
1728 1034 2109 1110 potestatem
2152 1029 2465 1092 allocandi
2496 1049 2618 1110 que
2660 1029 2892 1091 fuerint
2933 1029 3299 1098 allocanda,

831 1142 896 1198 et
951 1136 1034 1196 ad
1091 1137 1215 1197 alia
1268 1135 1558 1196 iacienda
1611 1154 1733 1216 que
1787 1135 1869 1194 ad
1924 1135 2442 1196 consuetudinem
2498 1142 2788 1214 spectant
2850 1143 3305 1214 compotorum

829 1243 961 1304 sive
1004 1243 1242 1321 legem;
1301 1241 1578 1302 adiciens
1619 1240 1807 1321 quod,
1854 1243 1907 1300 si
1949 1259 2077 1301 non
2114 1259 2335 1301 omnes
2371 1240 2632 1320 predicti
2665 1249 2937 1319 quatuor
2973 1240 3305 1301 audicioni

829 1347 982 1408 dicti
1029 1347 1306 1427 compoti
1345 1346 1650 1407 interesse
1697 1350 2015 1424 poterunt,
2074 1352 2201 1406 tres
2248 1352 2462 1406 tamen
2510 1345 2613 1407 vel
2666 1347 2790 1407 duo
2846 1366 3061 1406 eorum
3114 1347 3303 1406 audi-

829 1453 1073 1513 cionem
1117 1453 1456 1512 terminent
1499 1451 1901 1534 antedictam.
1988 1451 2066 1510 In
2110 1451 2289 1529 cujus
2331 1452 2441 1512 rei.
2529 1451 2770 1512 Datum
2812 1458 2883 1513 ut
2924 1471 3135 1530 supra.

828 1724 1240 1786 Instructions
1299 1731 1358 1786 ιο
1408 1724 1505 1785 the
1559 1744 1723 1785 same
1779 1730 1839 1784 ιο
1896 1723 2046 1784 have
2086 1730 2258 1784 exact
2298 1723 2494 1804 copies
2536 1723 2714 1784 made
2754 1724 2825 1803 os
2862 1723 2958 1784 the
2998 1731 3299 1785 accounts

1071 1807 1143 1886 of
1174 1805 1396 1866 earlier
1421 1825 1596 1884 years
1639 1805 1766 1864 and
1809 1803 2199 1865 transmitted
2242 1811 2299 1865 ιο
2344 1804 2491 1876 him,
2523 1804 2658 1864 that
2702 1805 2799 1865 the
2834 1805 3069 1883 coming
3104 1805 3299 1865 audit

1070 1907 1212 1965 may
1254 1893 1412 1947 start
1443 1888 1612 1966 from
1654 1885 1751 1946 the
1791 1886 1909 1947 end
1951 1885 2192 1965 thereos.

993 2043 1127 2102 Pno
1189 2043 1227 2104 J
1249 2045 1556 2120 [omnus]
1644 2059 1730 2101 nn
1795 2041 2015 2102 Cuma
2074 2059 2159 2100 m·
2220 2058 2361 2102 suis
2424 2057 2943 2101 cesoma-omnus
3004 2056 3297 2100 como-1¹1

827 2147 1650 2209 &meorum—Domino
1671 2148 1727 2206 N
1745 2147 2035 2230 [icholao]
2060 2195 2072 2219 ‚
2094 2146 2573 2218 Penitenciario,
2594 2147 2895 2226 magistro
2911 2146 2945 2208 J
2972 2145 3262 2228 [ohanni]
3276 2193 3291 2218 ,

826 2253 1192 2325 senescallo,
1231 2259 1292 2314 et
1328 2253 1596 2313 Girardo
1642 2253 1740 2331 [de
1785 2253 2021 2332 Ugina]
2068 2253 2355 2313 salutem.
2444 2252 2601 2313 Cum
2630 2253 2958 2314 Johannes
2991 2252 3068 2312 de
3104 2253 3295 2314 Clare

825 2377 972 2436 erga
1012 2377 1126 2418 nos
1171 2355 1473 2418 institerit
1523 2364 1594 2417 ut
1645 2377 1829 2418 suum
1879 2368 2240 2436 compotum
2284 2357 2571 2418 redderet
2614 2358 2693 2418 de
2734 2357 3293 2418 administracione

823 2462 1128 2524 bonorum
1189 2469 1543 2524 nostrorum
1605 2481 1716 2540 per
1779 2470 2029 2542 tempus
2094 2463 2345 2544 aliquod
2406 2470 2810 2536 retroactum,
2868 2443 3049 2524 vobis*
3108 2484 3291 2525 man-

825 2568 1048 2629 damus
1120 2569 1438 2648 quatinus,
1525 2569 1821 2629 scrutatis
1896 2569 2119 2629 rotulis
2203 2578 2636 2649 compotorum
2723 2570 3145 2650 Episcopatus
3224 2570 3291 2629 in

826 2665 1053 2754 fluibus
1113 2672 1388 2752 compoti
1465 2673 1618 2732 dicti
1670 2672 1988 2734 Johannis
2050 2673 2279 2734 redditi
2348 2675 2779 2754 registr-antur,
2852 2677 3098 2755 copiam
3160 2677 3290 2736 dic·

829 2785 1035 2840 torum
1091 2783 1524 2856 compotorum
1578 2779 1776 2857 ipsius
1834 2779 1868 2839 J
1887 2777 2201 2861 [ohannis]
2283 2781 2360 2840 de
2432 2781 2621 2841 verbo
2696 2781 2777 2842 ad
2846 2783 3105 2843 verbum
3167 2785 3288 2844 sub

825 2884 1027 2965 sigillo
1084 2883 1350 2963 alicujus
1407 2892 1685 2945 vestrum
1743 2885 1925 2946 nobis
1975 2889 2463 2958 transmittatis;
2516 2894 2588 2947 ut
2638 2887 2782 2949 finis
2824 2888 3072 2949 illorum
3113 2908 3287 2951 com-

824 2998 1115 3068 potorum
1160 2990 1546 3050 redditorum
1587 2992 1786 3069 possit
1832 3010 1969 3051 esse
2010 2992 2387 3072 principium
2428 2994 2703 3071 compoti
2744 2994 2873 3073 jam
2917 2995 3245 3055 reddendi.

823 3256 1034 3319 Letter
1092 3263 1149 3318 to
1211 3258 1308 3319 the
1365 3258 1690 3319 Precentor
1747 3266 1805 3320 ιο
1866 3258 1973 3319 tell
2031 3258 2161 3319 him
2216 3259 2351 3321 that
2408 3260 2479 3321 he
2526 3281 2645 3322 can
2688 3262 2865 3342 place
2912 3262 3105 3324 entire
3142 3284 3285 3325 ccm-

1055 3338 1291 3418 fidence
1332 3338 1403 3399 in
1442 3359 1566 3417 any
1607 3339 2147 3401 communications
2176 3340 2347 3421 from
2389 3342 2439 3401 J
2434 3341 2557 3403 olm
2594 3342 2669 3404 de
2713 3343 2908 3405 Clare.

988 3496 1255 3555 Doumo
1285 3495 2087 3556 Pancssnrom.—Domino
2118 3496 2477 3557 Precentori
2508 3497 2957 3559 Herefordensi
2986 3499 3280 3572 salutem,

824 3606 944 3663 etc.
1036 3602 1352 3663 Mittimus
1399 3601 1756 3663 Johannem
1801 3603 1879 3661 de
1922 3602 2126 3674 Clare,
2170 3603 2465 3664 clericum
2508 3611 2815 3676 nostrum,
2860 3605 2927 3663 in
2970 3605 3281 3683 Angliam,

825 3706 906 3769 ad
956 3708 1337 3769 audiendum
1390 3727 1661 3768 unacum
1712 3708 1849 3767 aliis
1899 3716 2258 3786 compotum
2310 3708 2733 3788 Episcopatus
2783 3711 3003 3783 nostri,
3050 3720 3113 3771 et
3156 3712 3285 3772 alia

827 3813 1087 3891 negocia
1135 3812 1526 3885 faciendum3
1587 3813 1686 3873 cui
1738 3813 1802 3872 in
1858 3811 1979 3872 hiis
2029 3832 2149 3893 que
2200 3832 2276 3873 ex
2327 3822 2508 3891 parte
2561 3822 2776 3875 nostra
2818 3816 2993 3876 vobis
3053 3816 3281 3877 dixerit

823 3925 1120 3980 oretenus
1177 3918 1364 3979 fidem
1427 3917 1853 3979 indubitatam
1918 3918 2213 3979 adhibere
2276 3920 2499 3991 velitis,
2558 3927 2623 3980 et
2684 3940 2795 3999 per
2856 3921 3124 3983 eundem
3186 3942 3281 3983 re·

825 4026 1093 4087 scribere
1147 4045 1268 4106 que
1324 4025 1558 4087 suerint
1614 4025 2033 4087 rescribenda.
2134 4026 2437 4087 valeatis,

828 4282 1093 4343 Similar
1147 4281 1544 4343 instructions
1603 4288 1660 4342 ιο
1719 4281 1816 4341 the
1865 4281 2207 4353 Seneschal,
2249 4281 2381 4342 who
2435 4282 2569 4342 will
2612 4282 2678 4343 be
2724 4282 3011 4344 detained
3064 4283 3135 4343 in
3182 4284 3282 4347 the

1070 4362 1318 4434 diocese,
1373 4362 1500 4422 and
1553 4369 1716 4422 mmet
1767 4362 1929 4423 leave
1979 4362 2076 4423 the
2116 4370 2401 4424 accounts
2444 4364 2514 4443 os
2550 4364 2845 4425 Somerset
2881 4364 3009 4425 and
3050 4365 3281 4445 Earley

1071 4451 1129 4504 ιο
1180 4444 1246 4504 be
1293 4442 1548 4503 audited
1593 4443 1851 4503 without
1902 4442 2047 4515 him,
2098 4443 2205 4503 but
2248 4464 2365 4505 can
2408 4444 2633 4505 receive
2675 4444 3077 4507 instructions
3113 4448 3285 4527 from

1073 4524 1240 4586 John
1278 4524 1352 4585 de
1396 4523 1591 4584 Clare.

991 4680 1873 4743 SanasCAnn0.-—Senescallo
1908 4682 2199 4752 salutem,
2240 4688 2359 4743 etc.
2449 4681 2765 4743 Mittimus
2804 4682 3163 4746 Johannem
3201 4686 3279 4748 de

829 4789 1011 4853 Clare
1067 4787 1145 4847 ad
1203 4786 1586 4847 audiendum
1641 4793 2004 4865 compotum
2054 4788 2481 4867 Episcopatus
2521 4790 2723 4848 nostri
2763 4808 2894 4850 una
2932 4790 3275 4865 vobiscum,

829 4893 1308 4964 PenitenciariO,
1355 4898 1416 4953 et
1459 4892 1747 4961 Gir-ardo,
1795 4894 1958 4954 sicut
2012 4896 2077 4954 in
2138 4894 2348 4956 littera
2404 4900 2660 4973 patente
2714 4914 2905 4975 quam
2964 4898 3278 4960 exhibebit
