3619 5868
727 453 844 512 130
1366 439 1721 530 Reqistr‘um
1778 453 1997 512 Thome
2051 453 2123 512 de
2183 452 2513 532 Cantilupo

716 681 784 736 et
851 675 1230 755 quitaverint
1301 676 1441 755 jura
1510 680 1572 736 et
1637 675 1942 748 acciones,
2020 675 2200 756 siqua
2267 675 2358 736 eis
2427 680 2796 755 competunt
2862 675 2927 734 in
2998 675 3185 737 rebus

717 781 1005 860 superius
1045 781 1405 842 nominatis.
1511 781 1692 855 Quod
1732 782 1856 842 nisi
1898 781 2159 842 fecerint
2201 781 2353 842 dicti
2396 781 2637 854 fratres,
2682 786 2745 842 et
2787 787 2985 842 terras
3027 801 3185 861 quas

718 885 796 946 ab
844 885 935 946 eis
983 885 1251 946 emimus
1300 885 1616 957 evicerint,
1659 887 1734 946 de
1773 886 1959 947 dictis
1996 887 2355 967 quingentis
2405 887 2633 947 marcis
2681 892 2973 947 emantur
3018 892 3183 948 terre

713 991 1160 1071 equivalentes,
1211 997 1275 1052 et
1322 991 1458 1051 loco
1509 996 1815 1052 terrarum
1863 992 2283 1071 predictarum
2333 992 2764 1072 subrogentur.
2876 993 3001 1052 Pro
3048 991 3183 1072 qui-

718 1096 836 1156 bus
876 1097 1234 1176 quingentis
1276 1097 1504 1158 marcis
1546 1098 1782 1158 eisdem
1826 1099 2082 1158 Decano
2124 1103 2187 1158 et
2230 1098 2520 1177 Capitulo
2569 1099 2781 1159 omnia
2828 1098 2993 1159 bona
3040 1119 3183 1161 nos·

715 1206 814 1261 tra
863 1202 1114 1262 mobilia
1160 1202 1524 1282 obligamus.
1611 1203 1696 1263 Et
1745 1224 2071 1284 quousque
2132 1211 2297 1265 terre
2343 1205 2621 1284 predicte
2671 1210 2880 1284 empte
2929 1205 3181 1278 fuerint,

713 1307 814 1367 vel
855 1307 1180 1368 commode
1229 1308 1350 1368 emi
1398 1309 1736 1388 potuerint,
1788 1309 2155 1370 detrahatur
2202 1310 2280 1370 de
2328 1310 2775 1372 distribucione
2825 1313 3185 1391 supradicta

711 1417 1023 1491 quantum
1085 1413 1430 1473 secundum
1493 1413 1963 1474 estimacionem
2027 1413 2333 1474 bonorum
2396 1415 2670 1475 virorum
2732 1415 2921 1476 fuerit
2979 1415 3181 1476 detra-

713 1517 1010 1576 hendum.
1122 1517 1428 1578 Volumus
1484 1518 1682 1579 eciam
1738 1524 1801 1578 et
1858 1519 1937 1580 de
1991 1539 2302 1580 consensu
2357 1519 2779 1599 predictorum
2830 1521 3070 1582 Decani
3117 1527 3184 1582 et

715 1621 990 1701 Capituli
1050 1623 1412 1684 ordinamus
1481 1624 1666 1703 quod,
1731 1624 2277 1705 quocienscunque
2341 1627 2532 1705 garda
2609 1626 2709 1687 vel
2764 1627 3179 1707 maritagium,

713 1731 826 1786 aut
865 1731 1219 1807 utrumque,
1263 1727 1563 1789 heredum
1601 1729 1698 1790 vel
1741 1750 2175 1790 successorum
2216 1731 2454 1792 domini
2498 1731 2759 1792 Henrici
2803 1732 2880 1792 de
2914 1733 3183 1795 Bradele

713 1832 794 1892 ad
831 1833 1084 1893 eosdem
1122 1834 1448 1894 Decanum
1487 1839 1552 1894 et
1591 1834 1953 1914 Capitulum
1992 1835 2310 1896 devenerit
2345 1856 2596 1916 quoquo
2631 1837 2835 1908 mod0,
2876 1837 3181 1898 medietas

713 1938 917 1998 tocius
959 1939 1364 1999 emolumenti
1407 1940 1685 2018 ipsorum
1724 1941 1913 2020 garde
1954 1941 2052 2002 vel
2094 1941 2421 2020 maritagii,
2468 1947 2577 2002 aut
2618 1943 2960 2022 utriusque,
3001 1943 3183 2004 cedat

710 2042 949 2104 eisdem
1010 2044 1266 2104 Decano
1325 2049 1388 2104 et
1447 2044 1737 2124 Capitulo
1779 2046 1966 2124 pleno
2006 2046 2162 2126 jure,
2207 2052 2277 2106 ut
2328 2047 2393 2105 in
2438 2047 2559 2107 hoc
2604 2047 2845 2118 saltem,
2895 2049 2947 2108 si
2994 2069 3183 2128 super

712 2148 1036 2227 premissis
1080 2150 1146 2209 in
1192 2150 1400 2230 aliquo
1443 2152 1683 2230 gravati
1728 2151 1980 2223 fuerint,
2026 2153 2396 2214 releventur.
2510 2153 2649 2214 Alia
2689 2175 2835 2214 vero
2878 2155 3183 2216 medietas

713 2256 1062 2335 applicetur
1102 2256 1332 2317 fabrice
1391 2263 1455 2318 et
1492 2257 1823 2319 refeccioni
1885 2259 2167 2320 Ecclesie
2230 2258 2713 2320 Herefordensis
2769 2260 3177 2322 Cathedralis.

713 2363 802 2423 Et
864 2368 936 2423 ut
981 2363 1234 2424 liberius
1297 2369 1360 2424 et
1421 2364 1724 2425 libencius
1791 2366 2119 2426 memorati
2177 2367 2471 2426 Decanus
2521 2371 2585 2426 et
2651 2366 3013 2446 Capitulum
3074 2368 3181 2426 ad-

713 2468 1018 2547 impleant
1085 2474 1150 2530 et
1217 2469 1545 2548 perficiant
1619 2471 1994 2549 supradicta,
2080 2471 2361 2532 volentes
2431 2472 2497 2531 in
2557 2472 2875 2533 beneficiis
2949 2473 3181 2534 nostris

709 2593 1083 2646 excrescere,
1180 2576 1592 2655 quadraginta
1673 2581 1738 2638 et
1806 2577 1963 2638 duos
2018 2577 2209 2638 boves
2292 2598 2451 2658 quos
2526 2578 2591 2637 in
2664 2579 2832 2639 dicto
2902 2579 3181 2640 manerio

713 2678 1115 2750 habebamus,
1160 2701 1304 2740 cum
1346 2681 1646 2752 curribus,
1694 2682 2029 2762 quadrigis,
2080 2689 2145 2743 et
2194 2685 2466 2744 carrucis
2516 2683 2745 2745 ibidem
2794 2684 2874 2745 ad
2921 2705 3181 2764 presens

714 2785 1142 2858 existentibus,
1213 2785 1449 2846 eisdem
1519 2787 1802 2848 dedimus
1873 2794 1937 2848 et
2005 2789 2430 2850 concessimus
2496 2809 2641 2849 cum
2695 2790 3036 2869 predictis;
3117 2796 3181 2851 et

711 2893 832 2955 hac
887 2894 1020 2956 vice
1089 2893 1378 2973 expensis
1432 2895 1665 2956 nostris
1721 2894 2023 2957 faciemus
2082 2901 2281 2957 terras
2336 2915 2457 2975 que
2514 2896 2878 2958 seminando
2946 2895 3179 2957 fuerint

711 3000 1026 3061 seminari.
1139 3000 1273 3080 Ipsi
1342 3020 1490 3061 vero
1559 3002 1853 3061 Decanus
1923 3006 1987 3061 et
2058 3001 2419 3081 Capitulum
2484 3002 2687 3081 primo
2754 3003 3179 3082 supradictam

713 3107 1222 3167 distribucionem
1292 3106 1524 3168 facient
1592 3128 1758 3167 anno
1834 3108 1913 3167 ab
1987 3107 2435 3168 Incarnacione
2511 3107 2766 3168 Domini
2846 3108 3179 3169 millesimo

711 3213 1141 3273 ducentesimo
1189 3212 1704 3292 quinquagesimo
1754 3218 1994 3283 octaVO,
2046 3219 2111 3273 et
2153 3218 2375 3292 postea
2418 3213 2695 3292 quolibet
2741 3234 2906 3273 anno
2950 3214 3177 3293 imper-

710 3324 990 3399 petuum,
1048 3324 1234 3398 prout
1290 3324 1387 3379 est
1443 3320 1728 3398 superius
1777 3320 2152 3380 ordinatum.
2238 3320 2317 3379 In
2374 3321 2555 3399 cujus
2601 3321 2689 3380 rei
2746 3321 3177 3381 testimonium

709 3424 983 3505 sigillum
1017 3430 1302 3484 nostrum
1338 3424 1731 3504 presentibus
1771 3425 2193 3504 apposuimus.
2280 3425 2517 3484 Datum
2554 3444 2771 3485 mense
2807 3425 3175 3504 Septembri,

713 3548 877 3589 anno
941 3528 1198 3589 Domini
1259 3528 1591 3589 millesimo
1654 3529 2083 3590 ducentesimo
2146 3529 2661 3609 quinquagesimo
2723 3534 2916 3590 sexto.
3042 3530 3178 3592 Nos

709 3653 858 3694 vero
919 3634 1143 3714 prefati
1207 3634 1500 3693 Decanus
1563 3637 1626 3693 et
1689 3633 2049 3712 Capitulum
2114 3633 2537 3712 supradictam
2598 3633 3002 3694 collacionem
3060 3634 3177 3695 sub

709 3740 1006 3820 predictis
1052 3740 1594 3811 convencionibus,
1631 3740 2051 3819 paccionibus,
2093 3746 2157 3800 et
2202 3738 2671 3800 condicionibus
2706 3740 2886 3801 nobis
2921 3740 3171 3813 factam,

707 3851 951 3925 gratam
1007 3852 1071 3907 et
1124 3851 1328 3906 ratam
1381 3847 1686 3907 habentes
1743 3852 1808 3907 et
1863 3852 2168 3927 quantum
2226 3845 2292 3904 in
2340 3844 2523 3905 nobis
2570 3850 2685 3917 est,
2738 3846 3173 3925 approbantes,

710 3972 1008 4012 vovemus
1065 3952 1201 4011 Deo
1256 3956 1320 4011 et
1376 3951 1574 4011 Beate
1629 3952 1832 4012 Maris
1879 3951 2165 4031 genitrici
2221 3970 2349 4021 sue,
2408 3955 2471 4009 et
2528 3950 2728 4011 Beato
2785 3950 3173 4023 EthelbertO,

711 4056 994 4136 Martyri,
1053 4056 1466 4137 omnibusque
1526 4058 1773 4119 Sanctis
1832 4058 1969 4129 Dei,
2028 4063 2091 4118 et
2148 4058 2349 4118 eidem
2407 4057 2761 4118 Venerabili
2803 4058 2978 4117 Patri
3032 4078 3171 4137 pro-

709 4162 1020 4222 mittimus
1049 4161 1212 4222 bona
1239 4162 1362 4223 fide
1389 4163 1601 4223 omnia
1629 4164 1987 4242 supradicta
2015 4163 2385 4243 generaliter
2414 4168 2477 4223 et
2506 4162 2751 4242 singula
2779 4162 3177 4242 singulariter

707 4266 970 4327 firmiter
1025 4264 1485 4347 imperpetuum
1535 4268 1863 4329 observare
1912 4274 1976 4329 et
2025 4268 2289 4329 fideliter
2339 4268 2715 4347 adimplere;
2779 4268 3061 4329 volentes
3110 4274 3175 4330 et

711 4376 1062 4433 statuentes
1109 4374 1276 4452 quod
1324 4374 1582 4453 quilibet
1632 4374 2005 4446 Canonicus,
2058 4394 2203 4433 cum
2242 4372 2477 4452 jurabit
2522 4377 2760 4433 statuta
2804 4378 2868 4433 et
2914 4394 3171 4435 consue-

708 4469 958 4530 tudines
988 4470 1467 4531 Herefordensis
1497 4471 1778 4532 Ecclesie
1805 4471 2151 4541 observare,
2172 4475 2242 4530 ut
2272 4470 2465 4530 moris
2494 4475 2607 4540 est,
2628 4470 2795 4549 juret
2824 4470 3177 4550 specialiter

705 4568 875 4647 quod
913 4587 987 4627 ea
1022 4586 1144 4646 que
1181 4568 1248 4626 in
1283 4568 1679 4647 presentibus
1712 4568 1939 4629 litteris
1974 4568 2377 4628 continentur
2409 4566 2675 4627 fideliter
2710 4566 3175 4646 imperpetuum

708 4663 1078 4725 observabit.
1184 4664 1651 4745 Renunciamus
1686 4666 1883 4726 eciam
1928 4665 1993 4723 in
2036 4666 2156 4726 hoc
2197 4664 2363 4724 facto
2405 4662 2706 4725 beneficio
2747 4664 3173 4727 restitucionis

708 4762 776 4821 in
831 4761 1161 4841 integrum,
1221 4761 1363 4834 doli,
1422 4767 1486 4823 et
1539 4762 1608 4821 in
1661 4762 1899 4822 factum
1955 4761 2211 4833 accioni,
2269 4766 2334 4821 et
2375 4761 2665 4822 omnibus
2707 4760 3173 4825 defensionibus

704 4858 1142 4938 competituris
1191 4862 1254 4919 et
1303 4859 1821 4939 competentibus,
1874 4864 1938 4920 et
1986 4858 2158 4920 omni
2204 4859 2363 4939 juris
2419 4857 2720 4919 beneficio
2776 4878 2888 4919 seu
2944 4860 3172 4921 auxilio
