3619 5868
1160 524 1461 604 Episcopi
1514 524 1589 583 H
1584 524 1997 603 erefordcnsis.
2732 532 2809 593 71

349 752 412 810 et
483 755 712 810 terram
781 748 954 809 Petri
1016 747 1284 810 Corebet·
1355 749 1420 809 in
1484 750 1676 821 Cauz,
1743 755 1808 811 et
1871 769 1982 828 per
2044 769 2259 811 eorum
2322 760 2808 827 sacramentum,

349 860 468 916 etc.
559 900 574 915 .
680 900 693 915 .
796 855 892 915 Tu
946 854 1081 933 ipse
1139 864 1292 915 tunc
1343 855 1429 915 sis
1478 855 1585 927 ibi,
1628 855 1959 916 auditurus
1997 855 2300 934 judicium
2352 856 2430 917 de
2478 857 2599 917 hoc
2646 859 2817 937 quod

345 966 712 1041 preceptum
753 966 1061 1032 nostrum,
1107 960 1280 1038 prius
1320 960 1469 1022 inde
1511 961 1627 1021 tibi
1668 960 1998 1033 directum,
2030 980 2159 1021 non
2200 979 2268 1021 es
2310 968 2607 1023 executus
2651 966 2816 1026 sicut

347 1068 462 1129 tibi
516 1076 884 1148 preceptum
934 1068 1071 1128 fuit.
1174 1068 1263 1128 Et
1320 1067 1558 1129 habeas
1616 1067 1701 1128 ibi
1763 1067 2024 1128 nomina
2084 1074 2356 1146 quatuor
2419 1067 2691 1129 militnm
2746 1076 2813 1131 et

347 1172 468 1234 hoc
523 1173 729 1235 breve.
835 1174 1022 1235 Teste
1077 1171 1375 1255 R[ogero]
1447 1173 1526 1234 de
1592 1174 1867 1252 Seytone
1923 1172 2094 1251 apud
2148 1173 2811 1249 westmonasterium,

346 1279 438 1359 iiij
488 1280 589 1341 die
630 1280 824 1353 Junii,
871 1298 1037 1341 anno
1088 1280 1261 1359 regni
1303 1280 1505 1341 nostri
1547 1285 1744 1341 sexto,

347 1562 557 1623 Letter
598 1562 768 1640 from
823 1561 920 1623 the
977 1561 1215 1639 Slaerzff
1261 1560 1618 1640 explaininq
1684 1560 1819 1621 that
1883 1560 1979 1621 the
2044 1561 2204 1639 Jury
2272 1562 2394 1621 had
2458 1562 2597 1623 been
2660 1562 2812 1641 duly

590 1642 957 1713 summoned,
988 1643 1094 1703 but
1139 1641 1272 1702 that
1316 1642 1452 1719 they
1498 1641 1620 1701 had
1661 1641 1936 1701 declined
1980 1650 2036 1701 to
2079 1649 2178 1701 act
2220 1662 2290 1703 as
2336 1643 2432 1703 the
2463 1643 2596 1721 full
2636 1663 2809 1705 num-

594 1724 694 1783 ber
736 1724 806 1803 of
854 1723 1043 1783 belted
1097 1722 1366 1801 Kniyhts
1423 1742 1546 1782 was
1601 1730 1704 1782 not
1753 1730 1998 1802 present
2054 1723 2215 1801 after
2272 1744 2429 1785 some
2489 1724 2612 1785 had
2671 1724 2813 1785 been

592 1804 940 1881 challench
984 1804 1058 1881 by
1104 1803 1200 1864 the
1241 1803 1588 1882 defendant.

511 1958 1383 2020 Psmuntrmc10.—Sciatur
1450 1957 1639 2038 quod,
1698 1977 1842 2018 cum
1912 1978 1988 2019 ex
2055 1966 2236 2039 parte
2308 1961 2564 2021 Domini
2625 1961 2814 2042 Regis

347 2074 715 2145 preceptum
803 2068 970 2125 esset
1053 2063 1210 2123 mihi
1297 2062 1485 2144 quod,
1572 2064 1918 2143 assumptis
2002 2084 2247 2125 mecum
2336 2067 2421 2126 xii
2504 2066 2814 2142 discretis,

349 2176 468 2231 etc.
554 2216 568 2231 .
657 2216 672 2231 .
757 2190 872 2248 ego
955 2170 1166 2231 venire
1263 2168 1382 2229 feci
1485 2169 1563 2230 ad
1663 2174 1862 2230 terras
1944 2169 2260 2248 predictas
2346 2170 2579 2232 milites
2670 2170 2814 2233 sub·

347 2277 636 2354 scriptos,
722 2275 1014 2338 videlicet
1107 2275 1432 2336 dominum
1523 2275 1834 2336 Thomam
1931 2276 2203 2347 Boterel,
2291 2275 2330 2336 J
2335 2276 2650 2339 ohannem
2732 2278 2812 2339 de
2924 2264 2931 2271 ’

349 2380 694 2453 Ercalewe,
760 2381 1148 2443 Willelmum
1211 2380 1288 2440 de
1352 2380 1698 2459 Hugeford,
1766 2380 2117 2441 Walterum
2180 2380 2260 2441 de
2320 2381 2810 2462 Bredewardyn‚

347 2486 659 2565 Rogerum
763 2486 1198 2565 Springehose‚
1288 2485 1634 2546 Walterum
1735 2485 1813 2547 de
1913 2486 2329 2559 Bokenhulle‚
2434 2488 2634 2548 Adam
2738 2488 2819 2551 de

351 2591 786 2671 Mungomery,
871 2597 934 2652 et
1016 2592 1327 2670 Rogerum
1411 2591 1703 2664 Pichard,
1789 2591 2024 2652 milites
2112 2591 2319 2671 gladio
2401 2593 2662 2667 cinctOS,
2752 2600 2817 2656 et

347 2698 694 2759 Robertum
748 2698 826 2759 de
881 2699 1152 2770 Bullers,
1197 2698 1436 2759 Lucam
1491 2698 1568 2759 de
1625 2699 1897 2769 Rutone,
1950 2704 2013 2759 et
2072 2698 2413 2759 Ricardum
2463 2699 2541 2761 de
2603 2700 2811 2761 Dode-

347 2810 740 2874 msnestone,
799 2802 1026 2863 liberos
1085 2810 1148 2863 et
1205 2803 1439 2882 legales
1497 2803 1784 2862 homines
1842 2802 1922 2863 de
1980 2802 2304 2863 Comitatu
2364 2802 2646 2881 predicto
2671 2821 2686 2874 ;
2749 2802 2815 2863 in

345 2926 505 2988 quos
563 2916 778 2988 partes
837 2908 997 2970 alias
1053 2908 1118 2968 in
1177 2908 1457 2988 predicta
1497 2907 2045 2988 perambulacione
2095 2907 2384 2970 facienda
2440 2927 2653 2970 coram
2709 2928 2812 2972 me

343 3022 822 3086 consenserunt,
853 3033 926 3075 eo
963 3015 1150 3094 quod,
1181 3021 1436 3095 propter
1468 3017 1875 3094 excepciones
1908 3017 2211 3094 quasdam
2252 3025 2472 3076 contra
2499 3015 2809 3095 ‘quosdam

344 3120 579 3182 milites
636 3120 743 3201 qui
799 3120 1029 3181 ibidem
1089 3121 1506 3182 interfuerunt
1563 3141 1666 3181 ex·
1698 3127 1877 3200 parte
1939 3120 2203 3200 predicti
2274 3121 2446 3181 Petri
2510 3121 2813 3200 objectas,

345 3225 504 3286 alios
563 3227 883 3304 juraturos
943 3221 1224 3287 invenire
1285 3247 1412 3286 non
1473 3228 1666 3305 potui,
1719 3226 1865 3287 licet
1923 3227 2242 3305 predictus
2316 3227 2668 3307 Episcopus
2728 3228 2812 3290 ad

343 3351 677 3393 numerum
735 3333 820 3412 xij
878 3332 1150 3393 militum
1211 3332 1416 3411 gladio
1474 3333 1822 3393 cinctorum
1880 3333 1960 3393 ad
2017 3333 2365 3412 predictam
2414 3334 2809 3411 perambula-

347 3440 593 3501 cionem
676 3439 1026 3500 faciendam
1122 3439 1569 3518 perficiendum
1669 3439 1734 3500 in
1833 3439 2140 3499 Brianum
2224 3438 2303 3502 de
2399 3439 2810 3519 Bromptone,

347 3545 704 3606 Walterum
784 3545 862 3607 de
945 3547 1351 3624 Bromptone‚
1424 3551 1487 3606 et
1557 3546 1861 3607 Brisnum
1932 3547 2094 3606 filios
2164 3565 2333 3618 suOS,
2410 3547 2664 3619 milites,
2748 3555 2815 3609 et

345 3661 610 3732 nepotes
651 3653 800 3713 dicti
840 3652 1078 3712 domini
1123 3651 1313 3724 Petri,
1361 3653 1815 3724 consensisset;
1862 3651 2028 3732 quod
2071 3652 2236 3712 idem
2287 3652 2515 3714 Petrus
2556 3653 2811 3732 penitus

343 3761 678 3820 recusavit.
764 3759 853 3819 Et
893 3777 1038 3819 cum
1079 3758 1345 3838 predicti
1387 3759 1470 3837 xij
1481 3805 1494 3830 ,
1532 3767 1663 3819 tam
1706 3759 1937 3819 milites
1978 3777 2167 3838 quam
2206 3759 2333 3830 alii,
2369 3758 2563 3835 jurati
2602 3765 2815 3820 essent

345 3885 458 3946 per
491 3873 859 3945 perceptum
898 3865 1154 3925 Domini
1197 3864 1386 3944 Regis
1420 3865 1499 3925 ad
1539 3865 1886 3944 predictam
1920 3864 2537 3942 perambulacionem
2578 3864 2812 3925 facien-

345 3971 514 4044 dam,
546 3977 609 4033 et
650 3979 798 4050 post
837 3971 1196 4050 juramento
1237 3971 1577 4032 eorundem
1617 3977 1803 4050 prout
1848 3972 2043 4031 moris
2084 3977 2181 4031 est
2230 3971 2471 4032 onerati
2516 3971 2598 4033 ad
2634 3972 2810 4033 illam

345 4077 957 4156 perambulacionem
1044 4076 1310 4137 fideliter
1399 4077 1767 4148 faciendam,
1852 4077 1974 4157 ipsi
2065 4078 2155 4137 sic
2251 4078 2444 4156 jurati
2530 4078 2612 4139 ad
2693 4079 2815 4140 hoc

344 4182 701 4244 faciendum
757 4202 794 4242 a
849 4202 949 4242 me
1004 4191 1436 4254 recesserunt3
1495 4190 1558 4244 et
1614 4184 2014 4263 postmodum
2070 4184 2285 4244 habito
2352 4183 2515 4244 inter
2558 4184 2811 4247 eosdem

341 4290 585 4368 juratos
625 4294 908 4349 tractatu
949 4307 1135 4367 super
1188 4289 1297 4349 illo
1337 4290 1616 4368 negocio,
1661 4289 1744 4350 ad
1793 4309 1893 4351 me
1949 4288 2177 4350 reversi
2238 4298 2408 4362 sunt,
2456 4301 2811 4354 asserentes

345 4415 412 4456 se
453 4395 629 4456 nullo
671 4394 858 4456 modo
898 4394 1513 4474 perambulacionem
1561 4396 1735 4457 illam
1778 4395 1983 4457 facere
2033 4397 2211 4468 velle,
2268 4401 2407 4457 tum
2464 4397 2631 4478 quod
2686 4419 2815 4460 non

345 4502 666 4564 habebant
709 4507 948 4562 certum
993 4521 1325 4563 numerum
1367 4503 1450 4580 xij
1497 4503 1769 4562 militum
1811 4503 2017 4581 gladio
2059 4504 2433 4575 cinctorum,
2465 4508 2601 4564 tum
2645 4505 2815 4584 quod

344 4608 662 4687 predictus
724 4609 950 4669 Petrus
1012 4609 1078 4668 in
1135 4608 1447 4687 predictos
1503 4614 1630 4669 tres
1685 4608 1913 4669 liberos
1974 4615 2037 4668 et
2092 4607 2323 4686 legales
2388 4603 2686 4671 homines'
2734 4611 2814 4672 de

345 4714 644 4794 predictis
699 4714 785 4793 xij
846 4721 997 4774 tunc
1055 4713 1254 4774 noluit
1309 4715 1682 4785 consentire,
1729 4714 1875 4775 licet
1932 4715 2089 4774 alias
2130 4733 2343 4775 coram
2392 4733 2494 4775 me
2534 4715 2601 4774 in
2642 4715 2813 4794 ipsos

345 4821 807 4893 consensisset3
892 4821 1059 4881 unde
1127 4821 1262 4899 ipse
1336 4821 1629 4881 dominus
1698 4822 1928 4882 Petrus
2003 4820 2149 4880 inde
2238 4820 2516 4893 recessit,
2589 4821 2811 4884 nolens
