3619 5868
775 473 896 531 216
1438 472 1795 551 Beqtstrum
1852 473 2071 534 Thome
2125 475 2199 534 de
2258 475 2589 554 Cantilupo

779 716 928 757 suas
985 697 1194 776 aliquo
1251 697 1375 757 alio
1430 698 1616 757 modo
1671 699 2078 768 devenerunt,
2136 709 2207 758 ut
2266 701 2585 778 predictus
2644 701 2889 770 Petrus,
2948 700 3113 761 filius
3170 707 3239 761 et

775 803 960 863 heres
1015 803 1295 882 ejusdem
1355 805 1526 863 Petri
1587 804 1772 874 dicit;
1839 806 1987 885 quia
2046 815 2177 865 tam
2240 807 2405 866 idem
2476 807 2705 866 Petrus
2761 827 2949 886 quam
3012 807 3243 885 prefati

775 919 1142 970 executores
1185 917 1250 970 et
1294 908 1596 988 magister
1637 909 1936 980 Thomas,
1966 910 2131 969 inter
2172 930 2330 989 quos
2372 911 2671 989 placitum
2716 920 2813 971 est
2850 912 2997 972 inde
3030 932 3247 972 coram

777 1015 1138 1076 Bai-onibus
1181 1015 1258 1077 de
1311 1016 1638 1076 scaccario
1691 1027 1929 1087 nostra
1974 1023 2320 1095 posuerunt
2362 1037 2431 1078 se
2471 1018 2617 1077 inde
2660 1019 2725 1076 in
2766 1018 3247 1097 inquisicionem

777 1122 1163 1200 predictam;
1208 1129 1272 1182 et
1315 1121 1455 1181 ideo
1491 1121 1668 1182 vobis
1702 1122 2079 1182 mandamus
2120 1122 2287 1202 quod
2330 1123 2408 1183 ad
2449 1131 2655 1183 certos
2697 1123 2859 1183 diem
2905 1129 2968 1184 et
3010 1123 3239 1196 locum,

777 1247 936 1307 quos
979 1228 1061 1287 ad
1118 1228 1238 1287 hoc
1296 1228 1710 1306 provideritis,
1751 1228 2231 1308 inquisicionem
2286 1229 2459 1288 illam
2515 1230 2803 1308 capiatis,
2912 1230 3242 1290 Mandavi-

783 1353 928 1394 mus
969 1334 1136 1394 enim
1181 1333 1665 1394 Constabulario
1707 1344 1923 1393 nostro
1966 1334 2171 1395 Castri
2214 1334 2475 1413 predicti
2518 1335 2595 1394 de
2640 1335 3009 1413 Berkeveny
3051 1335 3239 1414 quod,

777 1442 859 1502 ad
929 1447 1132 1501 certos
1202 1441 1365 1500 diem
1429 1449 1494 1500 et
1557 1441 1784 1510 locum,
1850 1460 2007 1518 quos
2070 1441 2127 1499 ei
2192 1441 2348 1500 scire
2412 1441 2677 1510 facietis,
2738 1441 3087 1520 predictam
3146 1442 3243 1501 in-

777 1547 1186 1626 quisicionem
1230 1567 1439 1607 coram
1476 1547 1653 1607 vobis
1695 1547 1906 1606 venire
1949 1547 2160 1610 faciat.
2245 1548 2332 1606 Et
2378 1547 2855 1625 inquisicionem
2898 1547 3244 1625 predict-am

779 1653 1078 1713 distincte
1128 1661 1192 1712 et
1245 1659 1461 1731 aperte
1511 1651 1744 1711 factam
1791 1651 2081 1712 habeatis
2124 1672 2331 1712 coram
2376 1652 2635 1729 prefatis
2679 1651 3036 1712 Batonibus
3078 1651 3245 1730 apud

779 1758 1436 1828 westmonasterium,
1483 1779 1520 1817 a
1580 1758 1680 1817 die
1745 1759 1958 1818 Sancti
2020 1759 2351 1818 Michaelis
2408 1759 2473 1816 in
2534 1779 2615 1818 xv
2664 1759 2818 1828 dies,
2862 1758 2981 1818 sub
3040 1758 3245 1837 sigillo

780 1873 893 1926 tuo
927 1875 990 1925 et
1034 1866 1251 1944 sigillis
1293 1885 1507 1925 eorum
1552 1884 1661 1943 per
1705 1885 1863 1944 quos
1905 1865 2073 1925 facta
2113 1866 2331 1937 fuerit;
2376 1884 2441 1925 et
2483 1866 2603 1925 hoc
2645 1865 2853 1925 breve.
2938 1864 3019 1924 In
3060 1866 3245 1943 cujus

777 1973 889 2041 rei,
937 1978 1056 2031 etc.
1143 1971 1330 2030 Teste
1373 1972 1450 2032 R.
1497 1970 1576 2030 de
1621 1971 2007 2030 Northwode
2060 1971 2231 2050 apud
2273 1971 2932 2043 westmonasterium,
2976 1991 3103 2030 xxv
3142 1971 3245 2032 die

778 2079 975 2148 Junii,
1023 2097 1192 2138 anno
1233 2078 1408 2156 regni
1451 2079 1649 2137 nostri
1692 2078 1983 2156 septim0.

787 2337 914 2397 The
956 2337 1156 2407 above,
1197 2335 1351 2395 with
1395 2335 1491 2396 the
1535 2335 1705 2396 letter
1747 2341 1805 2395 to
1850 2334 1947 2395 the
1992 2334 2311 2395 szstable
2352 2335 2422 2413 of
2454 2335 2904 2412 Aberqavenny,
2946 2353 3073 2394 was
3113 2340 3249 2394 sent

1033 2425 1089 2478 to
1160 2417 1326 2477 John
1392 2417 1466 2476 de
1531 2417 1726 2487 Clare,
1793 2416 2055 2495 toqether
2113 2416 2267 2475 with
2333 2436 2375 2476 a
2444 2415 2615 2476 letter
2677 2422 2734 2476 to
2800 2415 2896 2476 the
2958 2414 3245 2494 Bishop's

1033 2497 1359 2558 Sene-schal
1409 2504 1466 2557 to
1513 2517 1659 2575 urqe
1710 2496 1844 2557 that
1894 2496 1991 2557 the
2039 2497 2293 2576 inquiry
2348 2496 2569 2556 should
2618 2496 2684 2556 be
2734 2497 2871 2556 held
2910 2503 2978 2555 at
3019 2515 3061 2554 a
3102 2495 3247 2556 time

1027 2579 1201 2639 when
1263 2578 1334 2638 he
1395 2579 1573 2638 could
1633 2578 1698 2638 be
1752 2585 2014 2656 present,
2084 2578 2211 2638 and
2268 2578 2462 2656 before
2502 2577 2723 2638 March
2780 2581 2878 2646 18,
2944 2577 3079 2636 that
3149 2575 3249 2638 the

1026 2666 1240 2720 ‘return
1291 2659 1486 2736 miqht
1541 2659 1607 2719 be
1647 2659 1823 2718 mode
1866 2659 2058 2737 before
2098 2659 2481 2719 Parliament
2520 2665 2656 2718 met.

949 2815 1897 2893 Mnuofflmnnu.—Prescripta
1939 2814 2169 2886 littera,
2214 2821 2276 2875 et
2318 2817 2515 2875 eciam
2557 2814 2768 2875 littera
2804 2814 3047 2875 directa
3082 2815 3240 2875 Con-

783 2922 1130 2985 stabulario
1184 2921 1262 2981 de
1325 2921 1698 2999 Berkeveny
1752 2921 1920 2981 unde
1991 2942 2183 3000 supra
2250 2921 2323 2981 fit
2392 2921 2655 2993 mencio,
2729 2921 2919 2982 misse
2987 2920 3240 2982 fuerunt

785 3030 866 3090 de
921 3028 1266 3090 Totenhale
1315 3028 1571 3087 domino
1625 3028 1664 3087 J
1677 3027 1960 3110 [ohanni]
2021 3030 2097 3087 de
2156 3028 2340 3088 Clare
2387 3048 2497 3106 per
2554 3029 2629 3089 R.
2692 3028 2771 3089 de
2835 3027 3078 3099 CastrO,
3142 3027 3240 3089 die

784 3134 963 3194 Jovis
1019 3134 1305 3211 proximo
1361 3139 1506 3211 post
1562 3132 2080 3210 Assumpcionem
2140 3133 2340 3192 Beate
2402 3133 2619 3204 Marie,
2691 3153 2963 3193 unacum
3033 3132 3240 3193 littera

785 3239 1044 3300 Domini
1102 3239 1459 3299 Senescallo
1515 3258 1630 3299 suo
1686 3258 1875 3317 super
1932 3239 2050 3297 hiis
2109 3238 2437 3310 mittenda,
2482 3246 2554 3298 ut
2612 3240 2798 3299 simul
2852 3260 2965 3318 per
3006 3239 3241 3300 dictum

787 3345 1113 3406 dominum
1158 3345 1196 3405 J
1221 3344 1581 3422 [ohannem]
1628 3344 1794 3403 dicto
1840 3343 2197 3404 Senescallo
2252 3346 2851 3405 transmitterentur.
2948 3346 3027 3404 In
3080 3344 3243 3405 dicta

794 3458 1010 3514 autem
1052 3452 1261 3511 littera
1307 3451 1665 3511 Senescallo
1706 3451 2143 3511 continebatur
2184 3452 2349 3531 quod
2404 3453 2671 3512 instaret
2726 3472 2873 3529 erga
2918 3451 3241 3512 dominum

791 3560 1144 3619 Walterum
1189 3558 1267 3617 de
1311 3557 1631 3635 Hoptone,
1675 3556 1843 3635 quod
1894 3558 2064 3616 dicta
2118 3557 2447 3635 inquisicio
2500 3564 2831 3636 caperetur
2886 3577 2997 3635 per
3035 3557 3237 3636 ipsum

783 3663 1005 3723 diebus
1063 3668 1125 3721 et
1185 3661 1339 3721 locis
1398 3659 1624 3739 quibus
1681 3662 1815 3738 ipse
1884 3662 2279 3721 Senescallus
2342 3668 2555 3740 posset
2618 3662 2939 3732 interesse,
3006 3672 3069 3721 et
3126 3662 3239 3722 hoc

785 3772 948 3829 citra
1015 3768 1273 3828 Festum
1349 3767 1562 3827 Sancti
1634 3766 1955 3837 Edwardi,
2026 3767 2117 3827 ita
2187 3767 2353 3846 quod
2421 3775 2635 3845 posset
2718 3787 2830 3845 per
2920 3767 3239 3827 dominum

792 3875 1145 3935 Walterum
1192 3873 1270 3933 de
1313 3872 1670 3941 Rudmerle,
1722 3872 1822 3932 vel
1866 3872 2252 3932 Willelmum
2302 3873 2487 3951 Grys,
2532 3872 2597 3931 in
2646 3872 3063 3951 parliamento
3104 3878 3242 3951 post

789 3980 1058 4040 Festum
1101 3979 1318 4040 Sancti
1364 3978 1692 4039 Michaelis
1736 3978 2099 4049 Londoniis,
2145 3979 2226 4039 ad
2274 3979 2667 4039 Scaccarium
2710 3980 3035 4039 retornari.

789 4246 955 4326 Sept.
999 4245 1700 4325 1.—Acknowledqment
1739 4248 1809 4326 of
1857 4268 1899 4307 a
1943 4248 2082 4308 debt
2122 4249 2191 4327 os
2224 4247 2429 4326 eiqhty
2470 4247 2676 4309 marks
2720 4254 2779 4308 to
2822 4248 2889 4309 be
2930 4246 3145 4327 repaid
3186 4254 3242 4308 to

1037 4327 1202 4387 John
1241 4328 1314 4387 de
1360 4328 1538 4388 Clare
1579 4336 1645 4388 at
1691 4328 2053 4389 Christmas.

957 4458 1442 4518 Mnuonanmm
1498 4477 1585 4518 ns
1643 4476 2075 4520 onmvomNa
2132 4460 2385 4520 Domui
2442 4478 2612 4519 ERGA
2674 4459 2712 4519 J
2736 4462 3097 4537 [osmi-mu]
3160 4477 3247 4519 mr.

791 4563 1604 4625 Omna—Memorandum
1671 4566 1842 4645 quod
1912 4567 2243 4638 Dominus,
2314 4585 2426 4645 per
2484 4585 2633 4626 suas
2703 4565 2947 4625 litteras
3016 4565 3245 4644 obliga-

789 4670 1004 4741 torias,
1049 4671 1088 4730 J
1093 4670 1326 4729 ohanni
1387 4671 1464 4732 de
1521 4672 1723 4744 Clare,
1769 4674 2021 4733 Rectori
2078 4673 2155 4733 de
2212 4672 2563 4745 Colewelle,
2607 4677 2857 4733 tenetur
2912 4673 2977 4732 in
3027 4678 3249 4752 quater

789 4777 1008 4855 viginti
1051 4778 1280 4836 marcis
1327 4777 1627 4837 bonorum
1687 4779 2125 4858 sterlingorum
2169 4779 2372 4839 eidem
2425 4778 2727 4851 Johanni,
2770 4778 2869 4838 vel
2920 4797 3036 4838 suo
3075 4788 3247 4836 certo

789 4882 1210 4953 Procuratori,
1258 4882 1461 4943 dictas
1503 4884 1746 4945 litteras
1787 4886 2147 4945 restituenti
2192 4885 2358 4964 apud
2403 4886 2651 4946 Novum
2707 4884 3039 4963 Templum
3084 4884 3248 4945 Lon-
