3619 5868
1183 522 1484 603 Episcopi
1536 521 2017 602 Hercfordcmis.
2711 522 2831 583 233

366 775 679 835 Dominus
726 773 1086 857 [Anianus],
1119 775 1488 834 Assavensis
1533 774 1906 852 EpiscopuS,
1952 774 2333 834 Paternitati
2376 781 2583 834 vestre
2626 785 2829 834 trans-

365 879 573 950 mitto,
621 885 693 938 ut
722 878 896 939 vobis
938 879 1338 939 innotescant
1380 878 1576 957 ipsius
1619 878 1820 938 aculei
1865 879 1969 956 qui
2010 878 2169 957 juris
2209 879 2551 958 peritorum
2599 879 2835 957 judicio

373 1003 588 1045 amare
626 1005 727 1045 me
774 991 1081 1063 pungunt.
1169 984 1322 1063 Ipsa
1367 985 1534 1043 enim
1575 983 1787 1044 littera
1837 986 1939 1063 jus
1988 1003 2220 1054 meum,
2260 985 2425 1063 quod
2463 1004 2575 1063 per
2611 985 2832 1062 longas

375 1091 520 1150 lites
576 1089 943 1169 laboresque
998 1089 1272 1168 prolixos
1329 1090 1607 1150 onerosis
1664 1090 2023 1169 sumptibus
2078 1090 2405 1170 adquisivi,
2458 1091 2592 1151 sine
2645 1093 2833 1170 culpa

371 1214 514 1256 mea
553 1204 662 1256 aut
701 1214 892 1256 causa
932 1195 1198 1275 probata
1238 1196 1569 1256 absorbere
1612 1196 1861 1256 videtur
1901 1199 1964 1254 in
2010 1205 2238 1267 totum,
2284 1196 2447 1275 quod
2491 1198 2829 1257 admodum

375 1301 498 1380 juri
557 1301 791 1380 scripto
835 1302 1166 1362 molestum
1223 1301 1469 1374 existit;
1528 1321 1642 1361 nec
1700 1321 1888 1381 super
1944 1302 2151 1362 causis
2204 1302 2269 1362 in
2324 1302 2461 1381 ipsa
2516 1303 2830 1363 contentis

370 1406 729 1488 aliqualiter
769 1406 1208 1477 demandatur,
1254 1406 1400 1468 licet
1441 1406 1786 1468 falsitatem
1830 1407 2156 1468 contineat
2179 1429 2194 1481 3
2240 1417 2335 1469 set
2376 1409 2835 1488 presuppositis

374 1522 674 1592 tanquam
738 1513 902 1574 veris
963 1513 1326 1592 principalis
1382 1513 1626 1573 articuli
1678 1513 2162 1574 diffinicionibus
2217 1515 2295 1574 de
2349 1514 2538 1594 plano
2594 1515 2831 1594 absque

378 1619 660 1698 judiciali
709 1619 977 1698 strepitu
1026 1619 1386 1698 delegatur;
1446 1639 1570 1679 non
1621 1619 2027 1680 obstantibus
2081 1619 2309 1680 litteris
2354 1620 2726 1698 Apostolicis
2768 1624 2835 1680 et

367 1725 762 1804 processibus
805 1725 1176 1786 auctoritate
1219 1725 1497 1804 ipsarum
1546 1726 1635 1804 [h]
1655 1740 1920 1786 actenus
1960 1725 2196 1786 habitis
2234 1745 2423 1804 super
2454 1726 2831 1786 diffinicione

375 1832 623 1891 articuli
672 1831 1022 1891 memorati.
1126 1830 1222 1892 Ad
1271 1851 1383 1892 vos
1431 1831 1621 1910 igitur
1669 1840 1969 1910 tanquam
2021 1831 2103 1891 ad
2152 1831 2469 1910 singulare
2523 1832 2829 1910 refugium

375 1956 586 1997 meum
639 1955 918 2008 accurr0,
962 1937 1202 1997 devotis
1250 1937 1538 2015 precibus
1588 1936 1923 1997 obsecrans
1971 1945 2035 1997 et
2085 1939 2405 2016 requirens
2454 1939 2753 2017 quatinus
2796 1958 2837 1997 a

370 2042 644 2103 Domino
715 2042 889 2120 Papa
958 2042 1212 2122 aliquod
1265 2042 1604 2102 remedium
1675 2052 2099 2121 opportunum
2171 2063 2357 2122 super
2425 2043 2831 2104 enervacione

366 2150 574 2209 littere
616 2147 921 2228 prelibato
965 2148 1118 2207 mihi
1161 2148 1446 2208 amicicia
1489 2157 1700 2209 vestra
1741 2160 2054 2227 procuret,
2088 2159 2181 2221 ut,
2224 2150 2274 2209 si
2320 2148 2571 2210 uberius
2613 2149 2831 2210 haberi
2888 2173 2895 2180 ·

371 2274 495 2315 non
539 2253 760 2332 possit,
807 2255 1034 2313 saltem
1077 2253 1240 2334 quod
1289 2253 1563 2313 Domino
1599 2253 1923 2332 [Johanni]
1971 2253 2433 2323 cantuariensi,
2472 2253 2573 2313 cui
2618 2255 2835 2314 littera

367 2367 716 2421 memorata
764 2360 1066 2439 dirigitur,
1114 2361 1209 2420 vel
1260 2360 1444 2420 alicui
1495 2360 1914 2420 Eboracensis
1966 2360 2291 2420 Provincie
2338 2380 2465 2420 non
2515 2367 2831 2439 suspectO,

369 2487 495 2527 non
540 2467 834 2528 obstante
875 2467 1348 2528 Constitucione
1392 2466 1470 2527 de
1512 2466 1756 2527 duabus
1797 2467 2005 2537 dietis,
2046 2467 2253 2527 denuo
2303 2467 2613 2528 Dominus
2655 2469 2837 2547 Papa

373 2575 608 2636 scribat
657 2575 843 2654 quod,
897 2575 1018 2635 nisi
1067 2594 1256 2636 cause
1306 2574 1369 2634 in
1421 2575 1633 2636 littera
1679 2575 1925 2654 prefata
1978 2583 2298 2646 contente,
2350 2576 2431 2636 ob
2477 2596 2636 2656 quas
2684 2596 2829 2637 con·

365 2699 546 2741 cessa
588 2680 854 2753 videtur,
899 2681 1164 2741 veritate
1214 2680 1503 2740 nitantur
1567 2726 1916 2742 .....
1976 2683 1998 2716 ¹
2050 2699 2124 2741 ac
2164 2700 2495 2760 processus
2536 2702 2647 2761 per
2688 2702 2827 2743 eam

367 2785 639 2854 habitus,
673 2789 736 2846 in
773 2787 1018 2846 irritum
1055 2793 1398 2847 revocetur.
1489 2781 1734 2847 Statum
1773 2786 2031 2847 Domini
2065 2788 2272 2865 Regis,
2303 2787 2498 2848 immo
2527 2795 2827 2860 vestrum,

367 2900 430 2954 et
473 2891 658 2955 Curis
705 2894 1008 2965 Romane,
1056 2893 1246 2954 michi
1289 2899 1517 2965 vestro,
1563 2893 1616 2954 si
1657 2894 1886 2973 placet,
1918 2894 2124 2955 velit-is
2166 2889 2503 2957 rescribere
2543 2916 2655 2976 per
2690 2915 2828 2975 pre-

361 3000 644 3061 sencium
687 3000 1076 3079 portitorem,
1121 3020 1392 3061 unacum
1439 3007 1647 3060 vestra
1689 3001 1752 3059 in
1795 3000 2087 3061 omnibus
2128 3000 2469 3063 voluntate.

361 3253 714 3315 Directions
781 3262 838 3315 to
904 3254 1000 3315 the
1057 3254 1327 3326 Proctor,
1390 3254 1558 3315 John
1615 3254 1689 3315 de
1746 3254 2064 3333 Bitterley,
2129 3262 2187 3316 to
2250 3255 2470 3316 induce
2527 3256 2695 3317 John
2752 3258 2831 3319 de

607 3335 1009 3414 Aquablanca
1068 3343 1126 3396 to
1176 3355 1432 3415 propose
1489 3356 1558 3396 as
1618 3356 1658 3395 a
1718 3336 2066 3413 suqqcstion
2121 3337 2192 3416 os
2235 3336 2331 3397 his
2373 3357 2508 3397 own
2548 3345 2607 3398 to
2648 3338 2828 3399 Peter

605 3416 678 3476 de
732 3416 994 3494 Lanqon
1049 3416 1184 3477 that
1228 3416 1297 3477 he
1338 3416 1559 3477 should
1613 3436 1784 3494 aqree
1843 3424 1901 3477 to
1950 3436 2107 3477 some
2161 3418 2567 3496 compromisso,
2623 3419 2827 3480 which

609 3497 706 3557 the
761 3496 998 3577 Bishop
1050 3496 1246 3575 miqht
1289 3498 1354 3557 be
1397 3497 1651 3575 thouqht
1689 3497 1931 3575 willinq
1975 3505 2031 3558 to
2073 3505 2322 3577 accept..

525 3654 688 3715 Anni
756 3674 825 3715 m
875 3673 1154 3715 mvrena
1201 3673 1509 3716 mmmmm
1556 3655 1597 3715 J
1619 3656 1945 3732 [onmms]
1970 3654 2340 3734 .—Insuper
2393 3660 2693 3734 tanquam
2749 3676 2824 3717 ex

364 3758 577 3814 vestra
637 3754 889 3833 propria
952 3753 1254 3822 mocione,
1334 3752 1619 3813 excitetis
1681 3752 2008 3812 dominum
2078 3752 2118 3813 J
2121 3752 2435 3813 ohannem
2504 3753 2583 3813 de
2645 3753 2828 3833 Aqua

357 3850 608 3911 Blanka
645 3852 812 3930 quod
850 3851 1002 3930 ipse,
1043 3855 1344 3930 tanquam
1383 3850 1588 3911 media
1619 3870 1889 3929 persona
1922 3869 2067 3929 erga
2100 3849 2360 3909 Petrum
2394 3850 2471 3909 de
2506 3850 2822 3930 Langone,

361 3961 511 4017 ante
559 3956 772 4027 instet,
823 3962 887 4016 et
935 3956 1162 4035 ipsum,
1214 3955 1268 4016 si
1321 3956 1541 4035 possit,
1599 3955 1856 4015 inducat
1911 3955 2078 4034 quod
2133 3974 2323 4033 super
2375 3953 2691 4033 prebenda
2744 3956 2824 4018 de

355 4052 662 4115 Prestone
724 4053 1052 4114 nobiscum
1113 4058 1308 4133 ponat
1368 4053 1435 4112 in
1498 4052 1704 4132 aliqua
1765 4052 1967 4112 forma
2034 4052 2434 4131 competenti,
2497 4051 2587 4112 ita
2654 4054 2821 4133 quod

359 4151 624 4211 minima
677 4151 994 4231 prebenda
1047 4155 1370 4210 remaneat
1425 4149 1703 4210 totaliter
1749 4148 2130 4229 possessori;
2181 4154 2245 4209 et
2293 4148 2463 4209 istud
2508 4169 2622 4228 per
2688 4170 2821 4221 νοε,

357 4253 432 4308 ut
474 4248 761 4327 superius
801 4254 900 4308 est
941 4252 1248 4319 notatum,
1280 4252 1428 4308 ante
1469 4247 1580 4307 fiat
1621 4246 2004 4327 aliquamdiu
2044 4246 2447 4325 expectando.
2532 4247 2620 4306 Et
2653 4248 2823 4328 quod

357 4346 565 4406 dictus
621 4346 661 4405 J
664 4346 946 4406 ohannes
1002 4344 1168 4405 dicat
1215 4344 1400 4424 quod,
1444 4344 1726 4405 inclinati
1768 4343 2057 4423 precibus
2099 4343 2448 4422 aliquorum
2491 4349 2555 4404 et
2597 4344 2819 4405 timore

355 4442 488 4504 litis
557 4443 890 4521 perterriti,
959 4462 1180 4522 pacem
1250 4462 1394 4502 cum
1463 4442 1633 4502 dicto
1693 4442 1884 4503 Petro
1925 4441 2187 4502 forsitan
2242 4440 2582 4512 uniremus,
2653 4443 2823 4522 quod

355 4541 610 4621 quidem
659 4540 795 4620 ipse
843 4541 1069 4600 Petrus
1125 4544 1382 4619 propter
1430 4546 1721 4619 sumptus
1770 4558 2086 4608 onerosos,
2150 4538 2393 4599 diversa
2459 4540 2826 4618 gravamina

357 4643 424 4699 et
470 4637 763 4718 pericula,
815 4636 1085 4706 deberet,
1128 4643 1200 4697 ut
1239 4637 1677 4709 intelleximus,
1721 4635 2067 4701 affectare..
2132 4636 2263 4696 Vos
2312 4642 2525 4696 autem
2566 4637 2632 4695 in
2674 4658 2817 4699 con-

357 4740 581 4814 spectu
649 4734 802 4795 dicti
875 4734 1092 4812 [Petri]
1167 4734 1336 4794 istud
1411 4733 1820 4795 dissimuletis
1896 4738 2083 4812 prout
2151 4732 2443 4795 videbitis
2512 4734 2819 4813 expedire,

353 4852 605 4912 semper
657 4832 860 4893 eidem
915 4832 1177 4892 viriliter
1229 4832 1612 4893 resistentes.

985 4969 1202 5009 l—Some
1228 4969 1402 5015 phrase
1427 4979 1584 5009 seems
1610 4971 1662 5010 to
1689 4968 1813 5009 have
1839 4967 1953 5009 been
1980 4966 2194 5009 omitted.
