3619 5868
1181 535 1480 614 Episcopi,
1535 533 2018 613 Heresordensis.
2750 534 2829 593 59

368 759 668 820 affectum
699 760 876 821 vobis
922 760 1244 819 caritative
1289 758 1692 837 benignitatis
1735 756 2147 837 expandimus
2186 762 2249 817 et
2293 757 2499 816 sinum
2549 757 2837 816 caritatis

369 864 568 925 solide
615 864 952 943 aperimus,
997 869 1420 943 proponentes
1460 862 1526 923 in
1570 862 1796 943 quibus
1844 882 1990 923 cum
2048 862 2185 923 Deo
2226 863 2571 940 poterimus
2614 862 2833 921 honori

364 976 580 1033 vestro
610 970 868 1041 deferre,
902 990 976 1031 ac
1003 980 1216 1031 vestra
1245 978 1309 1029 et
1343 970 1744 1030 ecclesiarum
1774 979 2125 1030 vestrarum
2156 969 2437 1041 comoda,
2468 989 2579 1047 pro
2608 968 2833 1048 quibus

367 1078 454 1137 ad
499 1096 614 1137 nos
666 1096 980 1137 recurrere
1037 1095 1182 1136 cum
1241 1075 1580 1137 securitate
1633 1076 1942 1155 poteritis,
1994 1074 2058 1134 in
2114 1075 2607 1153 promptitudine
2665 1074 2831 1135 beni-

361 1183 649 1245 volencie
717 1201 1102 1261 promovere.
1217 1182 1376 1244 Cum
1448 1188 1682 1253 autem,
1755 1182 1918 1242 sicut
1986 1180 2432 1251 intelleximus,
2503 1180 2837 1258 portItores

370 1288 738 1367 hujusmodi
768 1288 1114 1349 litterarum
1144 1288 1458 1349 interdum
1491 1307 1628 1349 esse
1671 1288 2109 1348 consueverint
2150 1296 2373 1347 contra
2413 1287 2835 1347 intencionem

371 1395 772 1455 mittencium
843 1403 1188 1467 exactores,
1254 1414 1422 1454 nunc
1478 1393 1837 1473 importune
1892 1394 2221 1472 peticionis
2274 1392 2609 1465 instancia,
2668 1412 2837 1453 nunc

371 1501 572 1563 eciam
643 1500 1218 1561 murmuracionum
1275 1501 1537 1561 susuriis
1606 1520 1681 1560 ac
1749 1500 2241 1571 detraccionum,
2270 1510 2372 1559 ‘ac
2441 1500 2837 1579 querelarum

367 1607 974 1668 comminacionibus
1013 1606 1339 1687 exigendO,
1373 1606 1530 1667 scire
1561 1626 1672 1667 vos
1701 1588 1989 1666 volumus
2018 1604 2186 1685 quod
2214 1613 2427 1665 nostre
2460 1604 2837 1665 intencionis

370 1714 610 1783 existit,
641 1714 1000 1791 latoresque
1042 1713 1434 1791 presencium
1465 1713 1674 1791 jurare
1705 1711 1988 1781 fecimuS,
2020 1711 2183 1789 quod
2214 1710 2295 1770 ad
2336 1710 2709 1788 exigendum
2738 1710 2838 1771 vel

379 1818 796 1881 obtinendum
827 1818 1078 1897 aliquid,
1109 1822 1397 1896 preterea
1424 1836 1545 1897 que
1575 1816 1656 1877 ad
1685 1816 1922 1877 victum
1952 1821 2014 1876 et
2044 1814 2122 1875 ob
2150 1814 2549 1875 infirmitates
2578 1834 2652 1874 ac
2682 1814 2837 1875 alios

371 1944 563 1985 casus
621 1926 974 1985 necessaria
1029 1944 1139 2003 per
1189 1925 1346 1984 alias
1389 1924 1480 1985 eis
1530 1924 1646 1984 sub
1699 1930 1873 1983 certa
1921 1922 2122 1981 forma
2170 1922 2416 1982 litteras
2460 1942 2618 2000 quas
2662 1922 2839 1981 vobis

381 2030 665 2091 exhiberi
721 2030 1100 2091 mandamus
1148 2030 1491 2091 ministrari
1547 2028 1945 2107 precipimus,
1994 2027 2226 2087 talibus
2270 2026 2618 2099 instanciis,
2670 2046 2836 2086 mur·

379 2136 873 2208 muracionibus,
926 2156 1036 2197 seu
1081 2135 1683 2197 comminacionibus
1731 2154 1859 2194 non
1914 2141 2192 2206 utantur,
2247 2154 2361 2193 nec
2414 2135 2687 2211 recipere
2729 2153 2840 2212 per

371 2242 746 2312 instancias,
813 2242 1367 2313 murmuracioneS,
1442 2241 1542 2302 vel
1610 2240 2139 2301 comminaciones
2206 2239 2569 2317 hujusmodi
2626 2240 2841 2301 oblata

370 2353 760 2426 presumant.
875 2347 1151 2426 Ideoque
1181 2353 1250 2408 ut
1281 2348 1510 2408 nostris
1538 2347 1603 2406 in
1634 2347 1752 2407 hoc
1780 2346 2123 2406 intencioni
2154 2354 2216 2407 et
2245 2346 2651 2424 beneplacitis
2693 2366 2837 2406 con-

372 2453 667 2523 curratiS,
717 2452 978 2532 prefatis
1035 2473 1250 2512 eorum
1296 2452 1702 2513 abusionibus
1745 2452 2090 2531 ceterisque
2146 2451 2472 2523 similibuS,
2521 2451 2572 2511 si
2627 2451 2837 2512 forsan

371 2558 468 2618 eis
541 2559 733 2637 (quod
803 2578 930 2618 non
1001 2570 1097 2618 est
1169 2558 1528 2635 verisimile)
1578 2557 1671 2618 uti
1728 2563 2184 2637 presumerent,
2243 2566 2463 2617 contra
2521 2558 2841 2637 proprium

371 2664 805 2743 juramentum
870 2664 1248 2742 contemptis
1311 2665 1587 2735 omnino,
1653 2683 1763 2723 vos
1828 2656 1993 2723 ultr'a
2050 2664 2361 2742 premissa
2415 2664 2569 2743 ipsis
2624 2668 2841 2725 nostro

373 2768 798 2829 ministranda
847 2769 1149 2829 mandato
1197 2768 1526 2829 tribuendo
1565 2767 1800 2848 aliquid
1847 2787 1973 2828 non
2011 2767 2285 2851 gravetis
2310 2787 2325 2839 ;
2376 2787 2519 2827 cum
2563 2787 2688 2827 non
2731 2787 2844 2846 per

377 2876 772 2936 extorsiones
830 2874 1190 2955 hujusmodi
1248 2880 1342 2936 set
1405 2874 1561 2936 alias
1615 2874 2035 2934 retribucione
2104 2893 2378 2953 congrua
2439 2874 2841 2934 intendamus

375 2983 659 3060 ipsorum
689 2981 1006 3043 laboribus
1035 2981 1430 3062 respondere.
1518 2982 1758 3041 Datum
1783 2983 2001 3053 Rome,
2029 2981 2195 3061 apud
2228 2983 2529 3042 Sanctum
2560 2983 2838 3054 Petrum,

376 3089 529 3170 xviij
565 3089 888 3150 Kalendas
917 3089 1256 3150 Februarii.
1343 3089 1761 3149 Pontificatus
1791 3089 1990 3148 nost-ri
2020 3109 2187 3148 anno
2215 3089 2435 3168 primo.

381 3435 594 3494 Terms
653 3433 868 3510 aqrectl
928 3453 1008 3493 on
1066 3434 1318 3493 between
1378 3433 1474 3493 the
1532 3433 1766 3512 Bishop
1829 3433 1955 3492 and
2019 3432 2115 3492 the
2176 3432 2337 3492 Earl
2400 3440 2456 3492 to
2519 3433 2688 3491 settle
2747 3432 2845 3491 the

625 3515 912 3592 disputed
963 3515 1178 3574 claims
1238 3522 1294 3574 to
1354 3514 1449 3574 the
1510 3514 1720 3574 Chasa.
1852 3515 1974 3573 The
2031 3514 2189 3572 Earl
2243 3513 2407 3572 shall
2462 3533 2687 3572 remove
2746 3513 2841 3572 his

614 3597 904 3674 foresters
937 3597 1107 3674 from
1163 3595 1260 3654 the
1321 3596 1531 3664 Chasa,
1593 3595 1690 3654 the
1744 3595 1981 3673 Bishop
2036 3595 2200 3653 shall
2258 3595 2410 3653 hunt
2468 3594 2628 3653 there
2683 3614 2839 3654 once.

631 3678 685 3734 T
685 3676 798 3735 hen
841 3676 936 3735 the
979 3677 1200 3752 officers
1244 3677 1312 3754 os
1364 3675 1460 3735 the
1521 3677 1736 3735 Crown
1789 3676 1954 3735 shall
2010 3675 2145 3734 take
2192 3675 2535 3753 possession
2582 3674 2761 3734 while
2803 3695 2843 3734 a

628 3758 789 3834 Jury
860 3757 1024 3818 shall
1095 3757 1236 3816 hold
1306 3777 1389 3816 an
1459 3757 1716 3834 inqzoest.
1858 3758 1934 3834 If
1992 3757 2127 3833 they
2196 3763 2417 3816 cannot
2485 3776 2674 3832 aqree,
2747 3756 2845 3815 the

629 3839 894 3898 Justices
937 3838 1101 3898 shall
1142 3837 1396 3916 appo-int
1439 3838 1635 3897 others
1682 3844 1738 3896 to
1781 3837 2005 3904 decide,

553 3993 642 4053 Le
677 3993 924 4054 Eveske
968 3993 1044 4053 de
1090 3993 1400 4054 Hereford
1443 4014 1476 4055 e
1520 3994 1576 4054 le
1616 3993 1821 4054 Cunte
1862 3995 1939 4054 de
1984 3993 2351 4054 Gloucestre
2393 3999 2537 4054 sont
2581 3993 2843 4054 acordez

377 4117 464 4158 en
501 4105 672 4158 ceste
715 4099 936 4170 surme,
983 4099 1046 4158 ki
1088 4099 1146 4159 le
1190 4100 1394 4162 Cunte
1437 4105 1577 4160 rent
1621 4102 1680 4160 al
1724 4100 1973 4162 Eveske
2015 4099 2077 4158 la
2108 4099 2313 4160 Chace
2355 4100 2432 4159 de
2476 4100 2768 4161 Colwelle
2809 4121 2845 4162 e

374 4205 658 4266 Estnore
687 4205 824 4266 ausi
852 4206 1279 4285 plenerement
1321 4226 1355 4266 e
1397 4207 1535 4268 ausi
1577 4206 1978 4265 franchment
2021 4205 2281 4264 cemele
2310 4205 2745 4283 predecessors
2786 4207 2846 4266 le

380 4311 632 4372 Eveske
663 4311 753 4372 les
783 4312 1098 4384 tindrent;
1143 4333 1178 4372 e
1213 4313 1270 4374 le
1314 4312 1520 4374 Cunte
1547 4331 1835 4373 remuera
1864 4331 1964 4372 ses
1992 4311 2285 4371 foresters
2327 4311 2405 4370 de
2446 4312 2691 4391 iluques
2732 4313 2845 4373 issi

385 4416 452 4476 ki
482 4417 540 4477 le
572 4417 818 4477 Eveske
845 4436 1000 4495 puse
1031 4437 1179 4479 aver
1207 4437 1307 4478 ses
1334 4419 1664 4497 gardeynS,
1696 4437 1729 4477 e
1761 4418 1819 4478 le
1848 4417 2095 4477 Eveske
2135 4437 2255 4496 pur
2294 4436 2366 4477 sa
2396 4417 2622 4478 seisine
2652 4437 2798 4478 user
2824 4417 2846 4477 i

377 4541 562 4583 eorra
603 4542 724 4583 une
769 4523 932 4600 feyx,
971 4531 1034 4583 et
1077 4543 1195 4602 pus
1240 4543 1422 4603 apres
1463 4524 1750 4584 demorra
1793 4524 1853 4582 le
1894 4541 2078 4583 coure
2120 4542 2200 4582 en
2241 4523 2305 4583 la
2345 4542 2533 4602 meyn
2577 4524 2634 4583 le
2678 4526 2849 4604 Reys

376 4630 494 4690 issi
523 4631 586 4688 ki
618 4630 675 4689 le
713 4649 800 4689 un
842 4649 921 4690 ne
961 4630 1018 4689 le
1049 4637 1225 4691 autre
1257 4651 1336 4690 ne
1374 4630 1583 4708 icurge
1621 4630 1778 4691 deke
1818 4634 2003 4689 taunt
2037 4629 2101 4688 ki
2139 4629 2229 4690 les
2266 4629 2307 4690 J
2311 4629 2544 4690 ustices
2582 4630 2640 4691 le
2680 4631 2851 4708 Reys

381 4735 451 4795 ki
501 4743 644 4795 sont
697 4735 984 4814 assignez
1036 4743 1221 4814 eyent
1264 4735 1394 4814 pris
1436 4743 1769 4815 enquestre
1811 4755 1927 4814 par
1967 4735 2126 4795 duze
2168 4735 2337 4796 eslus
2380 4736 2456 4796 de
2497 4737 2730 4815 parties
2770 4737 2850 4798 de

389 4841 636 4902 Counte
667 4841 744 4901 de
775 4842 1085 4902 Hereiord
1115 4860 1150 4901 e
1179 4841 1257 4901 de
1287 4841 1704 4922 Wyrecestre,
1739 4842 1791 4901 si
1822 4841 1913 4901 les
1951 4841 2111 4900 duze
2155 4860 2221 4902 se
2262 4847 2491 4920 pusent
2534 4842 2845 4903 accorder.

387 4947 448 5006 E
479 4947 532 5007 si
563 4948 605 5006 il
637 4966 714 5008 ne
744 4967 811 5007 se
841 4953 1071 5026 pusent
1115 4948 1428 5020 accorder,
1473 4948 1564 5008 les
1605 4947 1883 5008 Justices
1925 4947 2003 5007 de
2045 4948 2143 5008 lur
2184 4947 2360 5008 office
2403 4947 2481 5007 de
2524 4967 2729 5008 meme
2756 4949 2850 5010 les
