3619 5868
477 2833 575 2876 1²01.
607 2835 667 2875 17.

784 522 864 583 46
1430 523 1785 602 Reqistrum
1843 525 2061 585 Thome
2117 525 2189 587 de
2262 524 2592 605 Cantilupo

781 745 968 825 April
993 748 1472 808 14.—Mandate
1501 755 1559 807 to
1590 748 1686 808 the
1713 749 1920 809 Rural
1946 749 2125 808 Dean
2150 750 2219 828 os
2239 750 2617 827 Pontesbury
2648 758 2705 810 to
2738 748 3247 809 excommunicate

1027 827 1098 887 in
1123 828 1563 906 nciyhbourinq
1601 829 1907 889 Charches
1950 830 2185 890 certain
2225 831 2517 891 evildoers
2559 830 2691 890 who
2736 830 2858 891 had
2898 830 3249 890 committed

1026 916 1301 987 outraqes
1353 909 1424 968 in
1469 910 1766 987 Lydbury
1818 912 2034 979 North,
2080 912 2425 990 assaultinq
2469 912 2565 972 the
2607 911 2893 990 Bishop's
2934 932 3073 971 men
3110 911 3247 971 who

1025 1010 1174 1049 were
1204 989 1605 1069 impoundinq
1633 998 1803 1069 stray
1834 992 2031 1051 cattle.

946 1133 1786 1207 Ponmnsnunr.—Thomas,
1844 1140 1986 1208 etc„
2046 1136 2304 1196 Decano
2360 1134 2438 1197 de
2498 1135 2891 1214 Pontesbury
2948 1135 3245 1207 salutem,

783 1244 901 1301 etc.
989 1240 1428 1301 Intelleximus
1457 1241 1622 1321 quod
1650 1241 1906 1322 quidam
1930 1242 2283 1323 iniquitatis
2301 1242 2413 1302 filii
2435 1261 2547 1303 sue
2575 1242 2801 1303 salutis
2822 1241 3243 1313 immemores,

782 1367 984 1427 nuper
1023 1346 1088 1406 in
1137 1348 1444 1427 quosdam
1494 1348 1782 1409 homines
1832 1354 2081 1409 nostros
2128 1348 2467 1408 familiares
2516 1348 2594 1408 de
2644 1353 2854 1408 castro
2902 1352 3120 1407 nostro
3167 1346 3249 1409 de

783 1451 1116 1532 Ledebury
1173 1452 1402 1525 North,
1460 1454 1526 1513 in
1580 1460 1843 1531 pastura
1898 1460 2117 1515 nostra
2144 1459 2237 1531 ‚et
2292 1454 2482 1514 bosco
2537 1460 2757 1514 nostro
2810 1452 2889 1513 de
2945 1453 3242 1515 Astwode

783 1560 866 1620 ad
907 1559 1073 1619 idem
1115 1566 1394 1620 castrum
1438 1560 1915 1639 pertinentibus,
1962 1566 2247 1621 nostrum
2292 1559 2696 1620 commodum
2736 1564 3149 1638 procurantes
3182 1566 3249 1620 et

783 1664 920 1744 jure
964 1669 1177 1725 nostro
1219 1672 1493 1736 utentes,
1537 1664 1843 1725 insultum
1886 1666 2189 1737 fecerunt,
2228 1672 2291 1724 et
2334 1664 2649 1744 quendam
2690 1683 2922 1745 equum
2958 1672 3242 1725 nostrum

784 1770 1054 1849 graviter
1084 1769 1512 1841 vulnerarunt,
1545 1769 1858 1850 bovesque
1896 1778 1959 1830 et
2005 1788 2153 1831 oves
2200 1789 2322 1850 que
2367 1769 2556 1829 iidem
2602 1767 2891 1829 homines
2935 1770 3139 1830 nostri
3181 1768 3249 1829 in

784 1873 1062 1953 dampno
1104 1881 1324 1935 nostro
1367 1882 1499 1935 tam
1541 1881 1794 1954 pasture
1823 1894 2012 1955 quam
2044 1874 2215 1935 bosci
2242 1876 2637 1944 invenerunt,
2671 1879 2734 1934 et
2762 1893 2885 1954 que
2915 1875 3249 1935 voluerunt

783 1984 1036 2059 propter
1064 1978 1183 2039 hoc
1226 1979 1500 2057 legitime
1528 1982 1931 2059 impar-casse,
1965 1990 2212 2042 armata
2254 2001 2448 2041 manu
2491 1980 2889 2043 abstulerunt
2920 1983 2999 2042 ab
3036 1982 3149 2055 eis,
3181 1984 3247 2043 in

783 2096 1070 2144 nostrum
1115 2090 1177 2144 et
1217 2084 1501 2145 Ecclesie
1543 2094 1758 2145 nostre
1787 2092 2242 2165 contemptum,
2287 2087 2655 2165 dampnum,
2700 2086 3135 2165 prejudicium,
3182 2094 3249 2149 et

783 2207 1122 2268 gravamen
1142 2194 1204 2250 et
1223 2209 1477 2250 suarum
1496 2190 1843 2269 periculum
1860 2192 2233 2252 animarum.
2320 2192 2630 2267 Quocirca
2648 2192 2827 2254 vobis
2844 2193 3246 2266 mandamus,

783 2294 849 2354 in
878 2295 1105 2356 virtute
1134 2294 1492 2355 obediencie
1511 2295 1775 2356 firmiter
1796 2296 2197 2376 injungentes
2219 2298 2518 2378 quatinus
2548 2298 2629 2357 ad
2657 2298 2896 2359 vicinas
2926 2299 3245 2371 ecelesias,

783 2402 1125 2480 assumptis
1180 2400 1499 2463 vobiscum
1556 2401 1802 2463 vicariis
1859 2414 1971 2464 aut
2026 2404 2372 2481 capellanis
2420 2410 2572 2484 quot
2624 2410 2687 2465 et
2737 2423 2895 2484 quos
2944 2406 3251 2468 duxeritis

783 2508 1120 2585 eligendos,
1152 2509 1565 2587 personaliter
1593 2509 1927 2583 accedati8‚
1958 2518 2023 2571 et
2060 2530 2281 2571 omnes
2308 2510 2623 2590 predictos
2652 2516 3143 2591 transgressores
3172 2531 3249 2573 ac

783 2614 1118 2692 complices
1167 2614 1548 2687 eorumdem,
1600 2617 1985 2695 competenti
2041 2618 2399 2679 monicione
2438 2618 2766 2697 premissa,
2822 2620 3247 2678 excommuni-

783 2726 960 2779 catos
989 2718 1384 2781 denuncietis
1411 2721 1478 2779 in
1505 2741 1750 2799 genere,
1781 2729 1847 2782 et
1875 2722 1940 2782 in
1982 2722 2275 2785 omnibus
2318 2725 2600 2786 ecclesiis
2643 2726 3012 2786 Decanatus
3054 2727 3249 2787 vestri

783 2823 1148 2886 denunciari
1177 2824 1425 2887 faciatis
1467 2825 1712 2905 publice
1758 2827 1848 2889 sic
1877 2828 2125 2906 ligatos,
2157 2829 2357 2891 donec
2384 2830 2463 2891 de
2493 2831 2775 2910 predicta
2803 2832 3036 2911 injuria
3064 2832 3247 2895 nobis

783 2937 846 2993 et
894 2932 1176 2994 Ecclesie
1220 2940 1432 2995 nostre
1476 2933 1895 2996 satisfecerint
1948 2945 2395 3016 competenter.
2504 2939 2601 2999 De
2651 2939 3011 3000 nominibus
3052 2941 3249 3002 etiam

783 3039 1259 3100 malefactorum
1303 3039 1636 3119 diligenter
1677 3047 1740 3100 et
1777 3041 2043 3102 sollicite
2072 3043 2426 3123 inquiratis,
2460 3053 2524 3104 et
2554 3064 2771 3106 eorum
2800 3047 3058 3106 nomina
3085 3065 3247 3126 quos

779 3163 893 3226 per
919 3145 1397 3227 inquisicionem
1427 3147 1767 3226 culpabiles
1795 3149 2161 3209 inveneritis
2184 3151 2246 3209 in
2270 3150 2593 3229 premissis
2617 3152 2817 3222 nobis,
2842 3159 2951 3212 aut
2978 3152 3251 3214 Officiali

780 3261 1016 3324 nostre,
1068 3253 1231 3314 infra
1279 3273 1562 3315 mensem
1611 3255 1678 3314 in
1728 3255 1980 3333 scriptis
2031 3256 2147 3316 sub
2200 3256 2403 3334 sigillo
2444 3264 2657 3317 vestro
2705 3256 2948 3318 faciatis
2990 3257 3247 3320 habere.

783 3359 1068 3435 Qualiter
1095 3367 1308 3420 autem
1338 3360 1709 3421 mandatum
1738 3373 2026 3421 nostrum
2056 3361 2121 3421 in
2153 3345 2273 3422 hac
2301 3369 2481 3446 parte
2509 3363 2753 3424 fueritis
2774 3367 3020 3424 executi
3044 3365 3247 3439 nobie,

781 3465 884 3527 vel
933 3465 1220 3536 officiali,
1273 3465 1437 3525 infra
1493 3485 1774 3527 mensem
1833 3467 2099 3528 fideliter
2152 3487 2264 3547 per
2318 3477 2563 3530 vestras
2618 3470 2867 3531 litteras⁴
2917 3472 3246 3534 intimetis.

784 3571 1024 3632 Datum
1055 3572 1220 3650 apud
1251 3571 1631 3650 Prestebury
1659 3572 1806 3650 xviij
1842 3572 2166 3634 Kalendas
2198 3573 2372 3634 Maii.

781 3811 940 3872 Like
970 3813 1266 3874 Mandata
1295 3821 1354 3874 to
1387 3813 1484 3874 the
1512 3814 1718 3874 Rural
1743 3815 1924 3875 Dean
1950 3817 2020 3896 of
2059 3816 2234 3877 Clun.

947 3955 1357 4017 onom—In
1386 3956 1606 4018 eadem
1637 3957 1839 4019 forma
1868 3959 2236 4019 mandatum
2266 3958 2387 4020 fuit
2417 3960 2676 4022 Decano
2706 3961 2783 4022 de
2812 3962 3027 4023 Clone.

784 4198 1006 4258 March
1054 4198 1444 4259 27.—Letter
1495 4206 1550 4259 to
1603 4199 1699 4259 the
1747 4199 1971 4277 Priory
2021 4203 2091 4279 of
2130 4201 2525 4272 Leominster,
2560 4203 2885 4282 -followinq
2934 4225 2975 4264 a
3011 4205 3251 4283 formal

1027 4279 1368 4350 visitation,
1407 4280 1772 4358 forbiclclz'nq
1817 4281 1868 4341 it
1916 4288 1971 4340 to
2017 4281 2146 4342 loch
2189 4283 2286 4342 the
2332 4283 2577 4343 Ghurch
2616 4285 2791 4344 door-s·
2833 4285 2959 4344 and
2993 4294 3243 4364 prevent

1028 4380 1224 4420 acces-s*
1240 4361 1350 4439 for
1367 4361 1694 4439 parochial
1721 4382 1875 4431 usae,
1918 4383 1987 4422 as
2018 4363 2141 4422 had
2171 4363 2311 4423 been
2336 4364 2487 4424 done
2517 4371 2575 4424 to
2606 4364 2701 4424 the
2728 4365 3244 4443 discouraqenwnt

1028 4442 1097 4519 os
1130 4461 1432 4501 reverence
1461 4442 1585 4501 and
1613 4443 1909 4513 devotion,
1941 4444 2067 4502 and
2098 4443 2194 4503 the
2234 4445 2463 4522 danqer
2489 4446 2559 4523 of
2595 4445 2758 4506 those
2797 4446 2929 4506 who
2958 4467 3123 4508 came
3137 4449 3247 4527 for

1027 4529 1358 4599 sanotuary
1407 4523 1647 4582 within.
1766 4524 1890 4584 The
1942 4524 2187 4584 Church
2226 4533 2389 4585 must
2428 4533 2535 4586 not
2577 4526 2643 4586 be
2682 4527 2831 4586 ‘used
2860 4528 2970 4605 sor
3008 4529 3245 4590 sccular

1020 4623 1312 4681 purposes
1342 4623 1422 4662 on
1451 4603 1588 4680 holy
1617 4604 1788 4681 days,
1880 4605 2003 4665 The
2030 4625 2135 4665 use
2162 4606 2232 4684 of
2268 4606 2365 4666 the
2408 4607 2551 4666 bells
2579 4614 2742 4667 must
2768 4614 2873 4668 not
2904 4608 2969 4667 be
2998 4609 3245 4690 stopped

1026 4703 1139 4744 ‘nor
1166 4683 1530 4761 almsqz'vinq
1560 4684 1879 4744 curtailed.

919 4837 922 4842 “
949 4827 1164 4886 PRnn
1184 4843 1462 4886 mmmm
1493 4825 2349 4902 Lnommsma—Thomaa
2374 4837 2493 4892 etc.
2577 4832 2778 4893 Priori
2806 4838 2870 4893 et
2895 4833 3243 4898 Conventui

787 4933 1250 5005 Leoministrie,
1295 4939 1436 5004 etc„
1481 4932 1884 4994 visitacionis
1934 4934 2117 4995 officii
2158 4935 2440 4997 debitum
2482 4937 2548 4996 in
2590 4938 2855 5000 ecclesia
2895 4942 3243 5018 parochiali
