3619 5868
1155 515 1456 598 Episcopi
1508 517 1582 577 H
1577 517 1989 598 erefordensia
2719 517 2800 580 93

337 748 492 804 sunt
546 744 624 804 de
680 743 861 805 feodo
917 743 1175 804 Domini
1231 743 1439 824 Regis,
1490 743 1568 804 de
1621 744 1859 804 eisdem
1928 743 2306 804 tenementis
2377 743 2571 804 nichil
2635 743 2805 806 aliud

337 847 570 908 habere
612 847 926 909 debebunt
967 847 1065 908 vel
1106 851 1404 926 poterunt
1445 847 1707 926 predicti
1751 847 2123 927 EpiscopUS‚
2169 848 2463 909 Decanus
2513 853 2576 909 et
2621 848 2803 928 Capi-

337 953 564 1025 tulum,
606 953 706 1014 vel
747 973 964 1015 eorum
1005 973 1416 1026 successores,
1459 953 1580 1014 nisi
1622 959 1871 1013 tantum
1914 953 2265 1032 predictum
2311 954 2641 1024 redditum,
2686 974 2805 1016 nec

337 1059 668 1120 occasione
715 1058 882 1119 illius
930 1058 1124 1118 annui
1172 1057 1452 1120 redditus
1502 1059 1578 1118 de
1627 1057 1812 1118 dictis
1862 1058 2241 1119 tenementis
2296 1058 2569 1138 aliquam
2620 1059 2803 1121 liber-

339 1168 537 1225 tatem
582 1164 851 1224 clamare
890 1163 1350 1243 inperpetuum.
1445 1163 1610 1223 Item
1653 1167 2001 1222 mercatum
2038 1163 2347 1223 coriorum
2394 1163 2807 1224 transferatur

340 1270 422 1330 ad
479 1270 670 1330 alium
726 1270 934 1330 locum
992 1289 1183 1349 quam
1240 1289 1408 1329 nunc
1467 1274 1582 1339 est,
1642 1268 1719 1328 de
1789 1268 2107 1328 communi
2169 1289 2433 1329 assensu
2493 1271 2805 1331 dictorum

339 1375 574 1436 civium
631 1381 695 1436 et
753 1374 1080 1435 hominum
1144 1375 1401 1435 Domini
1456 1373 1774 1453 Episcopi,
1821 1374 2061 1434 Decani
2116 1378 2180 1434 et
2238 1373 2529 1453 Capituli,
2576 1380 2640 1435 et
2694 1375 2804 1435 ubi

339 1480 568 1542 melius
596 1480 866 1541 viderint
906 1481 1194 1560 expedire
1235 1480 1301 1539 in
1342 1480 1622 1559 predicta
1663 1478 1917 1539 civitate
1960 1480 2025 1538 in
2063 1484 2437 1558 perpetuum
2468 1485 2803 1542 statuatur.

341 1587 511 1648 Item
554 1588 631 1648 de
673 1587 952 1666 muragio
995 1588 1084 1648 sic
1121 1587 1442 1666 provisum
1470 1591 1600 1656 est;
1645 1586 1814 1666 quod
1842 1605 1985 1646 cum
2014 1604 2271 1646 necesse
2300 1584 2487 1646 fuerit
2518 1585 2805 1648 claudere

339 1693 662 1754 civitatem
703 1693 1066 1773 predictam,
1112 1693 1464 1772 assignetur
1503 1711 1649 1770 pars
1691 1691 1899 1771 aliqua
1941 1690 2103 1751 muri
2147 1690 2493 1750 claudenda
2535 1691 2804 1750 homini-

340 1797 461 1858 bus
503 1797 812 1858 dictorum
855 1796 1173 1876 Episcopi,
1219 1795 1457 1857 Decani
1507 1800 1570 1855 et
1619 1794 1911 1873 Capituli,
1956 1799 2021 1855 et
2070 1814 2502 1856 successorum
2548 1815 2805 1856 suorum

340 1923 457 1983 pro
514 1908 668 1974 rata,
713 1902 1059 1964 secundum
1114 1901 1281 1982 quod
1336 1900 1540 1979 majus
1596 1905 1661 1960 et
1716 1900 1927 1959 minus
1983 1899 2219 1960 habent
2275 1899 2341 1958 in
2392 1899 2645 1961 civitate
2692 1920 2809 1980 per

339 2009 550 2071 visum
592 2014 860 2089 quatuor
900 2007 1192 2087 legalium
1233 2007 1580 2078 hominum,
1611 2005 1817 2066 neutri
1846 2005 2010 2085 parti
2040 2010 2499 2084 suspectorum,
2535 2006 2587 2067 si
2618 2006 2807 2066 simul

342 2115 720 2176 concordare
761 2133 890 2173 non
930 2117 1228 2192 poterunt
1271 2113 1348 2172 ad
1391 2113 1624 2172 dictam
1667 2111 1985 2171 civitatem
2028 2109 2095 2169 in
2144 2109 2465 2171 communi
2516 2110 2806 2172 clauden-

343 2221 507 2281 dam.
620 2220 787 2280 Item
844 2221 920 2280 de
977 2223 1252 2280 mercato
1307 2218 1384 2278 de
1439 2217 1742 2278 Prestone
1797 2217 2199 2296 provideatur
2261 2217 2429 2296 quod
2484 2235 2807 2278 remanere

343 2327 548 2406 possit
588 2327 822 2406 absque
863 2325 1321 2405 indempnitate
1363 2325 1671 2384 dictorum
1715 2323 1964 2384 civium.
2067 2323 2153 2382 Et
2204 2322 2295 2384 sic
2342 2323 2663 2402 provisum
2706 2327 2806 2384 est

345 2433 515 2513 quod
584 2437 709 2494 stet
779 2433 844 2493 in
915 2432 1014 2492 die
1068 2431 1333 2493 Veneris
1401 2431 1566 2492 sicut
1633 2449 1803 2490 nunc
1874 2434 1990 2500 est,
2040 2429 2138 2490 vel
2196 2429 2296 2490 die
2352 2429 2666 2502 Mercurii,
2726 2430 2806 2490 ad

341 2539 720 2601 eleccionem
788 2539 1212 2618 predictorum
1269 2535 1516 2597 civium.
1629 2535 1796 2595 Item
1862 2535 2214 2596 concedunt
2283 2535 2547 2615 predicti
2617 2535 2803 2608 civeS,

339 2649 650 2724 quantum
690 2643 757 2703 in
799 2643 891 2704 eis
932 2648 1047 2713 est,
1091 2641 1258 2722 quod
1301 2642 1596 2701 Decanus
1637 2644 1701 2700 et
1751 2640 2114 2719 Capitulum
2174 2639 2365 2700 libere
2421 2644 2683 2700 utantur
2737 2639 2803 2701 in

337 2750 538 2811 feodis
592 2750 724 2811 suis
780 2749 846 2808 in
902 2749 1156 2810 civitate
1213 2745 1660 2808 Herefordensi
1716 2750 1780 2806 et
1836 2746 1904 2804 in
1960 2745 2255 2806 suburbio
2309 2745 2803 2808 attachiamento

341 2855 418 2917 de
459 2853 950 2934 infongenethef,
993 2854 1339 2914 secundum
1387 2851 1554 2932 quod
1597 2851 1955 2913 continetur
2000 2851 2068 2910 in
2111 2850 2299 2912 Carta
2340 2870 2529 2931 quam
2571 2850 2807 2912 habent

341 2964 419 3023 de
463 2963 738 3024 Domino
780 2962 968 3041 Rege.
1069 2961 1236 3021 Item
1283 2965 1464 3039 porte
1506 2979 1726 3020 omnes
1770 2958 2043 3019 civitatis
2086 2978 2452 3019 communes
2495 2958 2624 3019 sint
2666 2978 2803 3038 pre·

338 3069 528 3130 dictis
582 3069 917 3148 EpiscopO,
969 3069 1226 3129 Decano
1267 3072 1332 3128 et
1377 3066 1686 3146 Capitulo,
1739 3065 2090 3136 Canonicis‚
2145 3069 2209 3125 et
2264 3084 2480 3126 eorum
2537 3065 2803 3125 homini-

337 3175 458 3237 bus
513 3174 593 3234 ad
647 3174 910 3235 liberum
959 3174 1289 3234 introitum
1337 3178 1402 3233 et
1452 3173 1690 3234 exitum
1738 3171 2116 3242 habendum,
2172 3171 2307 3232 sine
2352 3170 2805 3250 impedimento

337 3279 572 3340 civium
599 3279 698 3339 vel
739 3278 1108 3339 ballivorum
1151 3297 1426 3338 suorum.
1523 3276 1611 3337 Et
1653 3295 2022 3337 concessum
2064 3282 2160 3337 est
2206 3296 2282 3336 ex
2322 3281 2585 3357 utraque
2626 3282 2807 3356 parte

335 3385 504 3465 quod
561 3384 983 3464 procurabunt
1038 3383 1207 3464 quod
1261 3382 1717 3463 cyrographum
1780 3382 1893 3441 fiat
1942 3402 2131 3461 super
2174 3382 2465 3443 omnibus
2507 3383 2805 3461 predictis

336 3491 402 3551 in
448 3490 636 3552 Curia
678 3490 934 3551 Domini
977 3490 1184 3569 Regis.
1287 3489 1367 3549 In
1415 3490 1595 3568 cujus
1638 3489 1726 3549 rei
1771 3488 2203 3549 testimonium
2252 3487 2399 3548 huic
2440 3488 2693 3567 script0,
2738 3488 2807 3549 in

337 3598 596 3658 modum
667 3596 1036 3677 cyrographi
1105 3597 1407 3667 confecto,
1472 3600 1684 3674 partes
1754 3595 2113 3655 alternatim
2179 3594 2381 3675 sigilla
2442 3614 2557 3655 sua
2615 3614 2805 3673 appo-

337 3706 618 3763 suerunt.
724 3702 810 3762 Et
864 3701 1252 3781 cyrographo
1307 3720 1495 3780 super
1549 3700 1873 3779 premissis
1936 3699 2102 3761 facto
2174 3700 2239 3759 in
2301 3698 2488 3760 Curia
2547 3698 2803 3759 Domini

333 3806 543 3886 Regis,
586 3806 840 3867 cuilibet
881 3805 1191 3867 dictarum
1231 3806 1514 3886 parcium
1561 3826 1706 3885 pars
1756 3806 1953 3866 altera
1999 3805 2314 3884 presentis
2370 3804 2605 3884 scripti,
2658 3825 2804 3865 cum

335 3912 557 3992 sigillis
597 3913 882 3992 propriis,
913 3913 1296 3973 restituetur.
1381 3911 1611 3971 Actum
1645 3911 1813 3990 apud
1855 3910 2291 3971 Herefordiam
2329 3910 2430 3971 die
2465 3910 2693 3970 Martis
2736 3910 2804 3971 in

335 4019 689 4097 septimana
729 4018 990 4090 Pasche,
1027 4039 1192 4079 anno
1235 4019 1491 4078 Domini
1536 4017 1905 4079 M⁰CC⁰LX⁰
1940 4018 2231 4089 secundo,
2281 4036 2489 4077 coram
2533 4016 2805 4077 dominis

335 4124 614 4186 Roberto
655 4125 952 4187 Waleron
994 4131 1057 4187 et
1100 4125 1407 4186 Nicholao
1449 4126 1526 4186 de
1568 4124 1766 4196 Turri,
1811 4125 1851 4185 J
1852 4124 2187 4185 usticiariis
2238 4143 2275 4183 a
2317 4122 2590 4183 Domino
2633 4122 2805 4202 Rege

339 4229 677 4309 deputatis.

337 4476 500 4537 June
539 4480 638 4547 21,
682 4477 1116 4555 1203.—Gopy
1158 4477 1228 4556 of
1265 4477 1362 4537 the
1415 4476 1673 4537 Gharter
1712 4477 1783 4556 os
1817 4476 1984 4553 Kinq
2029 4474 2197 4536 John
2247 4482 2305 4535 to
2345 4474 2582 4553 Bishop
2630 4473 2802 4535 Giles

582 4558 940 4635 confirming]
983 4558 1080 4619 the
1119 4558 1318 4637 riqhts
1361 4558 1431 4637 of
1467 4557 1564 4618 the
1609 4556 1857 4617 Ghurch
1896 4558 1967 4637 of
2002 4555 2326 4636 Heresord.

503 4712 721 4774 Canu
748 4731 836 4773 mi:
865 4731 1338 4774 massmannus
1367 4713 1927 4773 Hmaunonnnnsm
1962 4711 2429 4772 Euersam—J
2446 4708 2803 4793 [ohannes],

344 4818 464 4879 Dei
517 4818 726 4898 gracia
780 4818 915 4879 Rex
961 4819 1200 4899 Anglie,
1251 4818 1562 4879 Dominus
1619 4816 1961 4897 Hybernie,
2013 4817 2157 4876 Dux
2206 4816 2566 4888 Normanie,
2618 4814 2807 4895 Aqui·

342 4924 529 4995 tanie,
615 4922 841 4984 Comes
935 4922 1306 5003 Andegavie‚
1392 4923 1913 5003 Archiepiscopis,
2001 4922 2354 5002 Episcopis,
2441 4920 2805 4995 Abbatibus,
