3619 5868
846 466 966 526 280
1454 466 1846 545 ,chistrum
1901 467 2120 529 Thome
2173 468 2247 529 dc
2305 468 2636 549 Cantilupo

849 688 1109 749 Domini
1164 689 1465 769 Episcopi
1518 690 2018 761 HerefordensiS,
2075 710 2340 771 quorum
2397 696 2579 753 tenor
2625 692 2884 753 inferius
2930 693 3321 763 continetur,

846 800 1066 855 contra
1112 795 1463 875 predictum
1522 796 1866 856 Dominum
1937 816 2146 857 meum
2205 816 2319 877 pro
2377 798 2546 859 dicto
2601 798 2916 878 Episcopo
2973 798 3322 860 Assavensi

847 900 1084 961 tulistis
1133 901 1250 961 sub
1298 902 1417 962 hac
1465 901 1683 974 forma,
1734 922 1836 963 me
1885 902 2138 964 nomine
2193 904 2492 983 predicto,
2549 910 2615 965 et
2669 905 2906 965 dictum
2963 905 3322 965 Dominum

848 1025 1079 1077 meum,
1118 1010 1183 1067 et
1225 1006 1575 1067 Ecclesiam
1618 1006 2148 1069 Herefordensem
2190 1008 2424 1087 injuste
2465 1009 2790 1088 gravastis,
2833 1030 2870 1069 a
2910 1010 3084 1070 dicta
3129 1010 3320 1071 inter·

850 1112 1155 1173 locutoria
1195 1113 1432 1192 injusta
1472 1117 1537 1173 et
1578 1113 1794 1193 iniqua
1843 1114 2129 1175 senciens
2171 1135 2272 1175 me
2319 1115 2575 1176 nomine
2611 1115 2907 1195 predicto,
2949 1122 3016 1176 et
3071 1116 3322 1176 dictum

851 1218 1198 1279 Dominum
1248 1238 1457 1278 meum
1502 1218 1743 1298 gravari
1792 1224 1859 1280 et
1913 1225 2203 1299 gravatos
2257 1240 2414 1292 esse,
2457 1221 2537 1281 ad
2579 1221 2924 1282 Dominum
2963 1222 3220 1301 Papam
3261 1228 3322 1283 et

851 1324 1076 1385 Sedem
1121 1324 1545 1403 Apostolicam
1591 1326 1855 1405 appello,
1899 1332 1963 1387 et
2012 1325 2346 1406 Apostolos
2401 1327 2712 1388 instanter
2757 1334 2923 1407 peto,
2967 1332 3034 1388 et
3083 1329 3320 1389 iterum

848 1436 1015 1509 peto,
1060 1450 1216 1510 quos
1260 1431 1312 1491 si
1354 1430 1547 1491 michi
1589 1431 2060 1511 denegaveritis,
2104 1432 2331 1493 iterum
2373 1432 2440 1491 in
2481 1431 2605 1493 hiis
2647 1433 2898 1511 scriptis
2939 1433 3217 1513 appello,
3259 1438 3320 1494 et

850 1537 929 1597 ad
972 1538 1317 1597 Dominum
1360 1538 1599 1616 Papam
1638 1537 1862 1609 denuo,
1901 1558 2044 1598 cum
2082 1558 2196 1618 pro
2234 1544 2514 1618 tempore
2551 1538 2944 1599 recitacionis
2977 1538 3319 1599 interlocu-

848 1642 1006 1703 torie
1048 1643 1264 1703 decem
1312 1643 1554 1704 dierum
1598 1644 1881 1723 spacium
1923 1644 2007 1705 sit
2048 1665 2085 1703 a
2123 1644 2262 1723 jure
2301 1664 2689 1715 concessum,
2733 1645 2812 1705 ad
2851 1645 3318 1705 convolandum

850 1749 929 1809 ad
978 1748 1421 1828 appellacionis
1470 1749 1880 1821 beneficium,
1937 1755 2003 1811 et
2051 1769 2182 1822 voS,
2233 1750 2534 1811 addentes
2582 1769 2917 1829 gravamen
2963 1749 3316 1829 gravamini

849 1854 1085 1914 dictum
1126 1854 1284 1933 juris
1326 1854 1697 1915 beneficium
1742 1855 1936 1914 michi
1986 1859 2204 1915 contra
2241 1855 2344 1933 jus
2393 1854 2636 1915 auferre
2683 1855 2958 1915 nitentes
3031 1901 3045 1914 .
3114 1901 3130 1915 .
3203 1901 3216 1914 .
3282 1856 3316 1914 .¹

850 1965 923 2019 ut
980 1979 1112 2039 ego,
1156 1960 1409 2021 nomine
1468 1960 1725 2020 Domini
1784 1960 1908 2021 mei
1967 1961 2248 2039 predicti,
2293 1961 2422 2022 sive
2479 1961 2685 2022 dictus
2744 1961 3058 2022 Dominus
3113 1981 3311 2031 mene,

854 2065 1133 2127 libellum
1188 2068 1461 2146 recipere
1518 2066 1834 2138 debemu8‚
1886 2073 1950 2127 et
2006 2068 2069 2126 in
2126 2068 2384 2146 negocio
2439 2068 2772 2146 procedere
2818 2067 3194 2147 principali;
3245 2088 3316 2127 ex
3356 2052 3365 2062 ⁸

846 2172 968 2233 hoc
1009 2174 1205 2234 eciam
1243 2174 1529 2234 senciens
1563 2174 1823 2253 gravari,
1854 2194 1955 2235 me
1989 2175 2243 2235 nomine
2276 2174 2557 2254 predicto
2590 2179 2656 2235 et
2689 2174 2924 2234 dictum
2963 2174 3311 2235 Dominum

848 2300 1080 2350 meum,
1120 2280 1469 2341 Ecclesiam
1510 2280 2054 2351 Herefordensem,
2096 2285 2159 2341 et
2195 2281 2334 2359 jura
2372 2280 2586 2359 ipsius,
2630 2280 3012 2359 proteccioni
3051 2278 3310 2341 Domini

851 2388 1022 2466 Pape
1050 2392 1115 2447 et
1146 2387 1325 2448 Sedis
1355 2386 1711 2466 Apostolice
1740 2386 1978 2447 subicio
2007 2392 2071 2447 et
2099 2406 2402 2465 suppon0.
2487 2386 2868 2446 Gravamina
2895 2392 3112 2447 autem
3140 2387 3310 2445 illata

849 2494 1180 2555 manifeste
1237 2500 1541 2573 apparent
1582 2494 1647 2552 in
1705 2493 2180 2573 excepcionibus
2235 2499 2300 2554 et
2351 2492 2704 2553 racionibus
2752 2492 3111 2572 propositis,
3155 2511 3308 2572 quas

844 2600 1128 2660 raciones
1184 2605 1247 2660 et
1302 2600 1708 2679 excepciones
1758 2606 1823 2660 et
1872 2598 2264 2659 defensiones
2313 2598 2508 2659 offero
2557 2617 2658 2657 me
2705 2597 2960 2657 nomine
3007 2598 3302 2677 predicto,

848 2707 1193 2767 secundum
1250 2706 1515 2767 formam
1569 2706 1725 2785 juris
1780 2706 1848 2765 in
1905 2726 2028 2785 qua
2089 2712 2322 2777 teneor,
2380 2725 2590 2765 coram
2646 2703 3028 2783 competenti
3085 2704 3128 2764 J
3129 2704 3304 2763 udicc

845 2812 1253 2892 probaturum
1296 2818 1359 2873 et
1400 2819 1819 2873 ostensurum.
1910 2812 2048 2889 [Cui
2090 2811 2494 2891 appellationi
2523 2810 2857 2887 Dominus]
2903 2810 2982 2869 ob
3022 2829 3302 2871 reveren-

846 2918 1009 2982 ciam
1068 2919 1247 2980 Sedis
1305 2919 1661 2999 Apostolice
1716 2918 1942 2980 detulit
1984 2923 2356 2988 reverenter,
2399 2924 2463 2978 et
2505 2922 2635 2978 tam
2679 2915 2859 2977 nobis
2906 2936 3094 2996 quam
3140 2915 3302 2976 dicto

848 3025 1187 3086 Assavensi
1243 3026 1559 3105 Episcopo
1614 3027 1954 3086 terminum
2011 3025 2257 3104 prefixit
2313 3024 2377 3083 in
2435 3024 2622 3084 Curia
2671 3024 2975 3093 Romana,
3017 3023 3302 3083 videlicet

846 3131 925 3192 ab
986 3131 1092 3210 viij
1160 3130 1477 3191 Kalendas
1538 3131 1579 3192 J
1581 3131 1732 3202 unii,
1798 3151 1964 3191 anno
2021 3130 2277 3190 Domini
2334 3129 2847 3199 M⁰CC⁰LXXX⁰,
2905 3129 2984 3189 ad
3039 3134 3302 3208 quatuor

850 3257 1099 3297 menses
1142 3247 1363 3316 postea
1412 3239 1709 3297 continue
1760 3237 2206 3308 numerandos,
2252 3257 2375 3317 quo
2418 3257 2529 3297 vos
2578 3245 2640 3295 et-
2682 3236 2890 3295 dictus
2937 3235 3300 3296 Assavensis

843 3343 1198 3423 Episcopus
1255 3344 1315 3402 in
1372 3342 1591 3403 eadem
1650 3343 1937 3403 Romana
1995 3343 2203 3412 Curia,
2247 3362 2457 3402 coram
2519 3343 2777 3402 Summo
2833 3342 3162 3412 Pontifice,
3207 3340 3298 3400 vel

844 3448 1130 3509 auditore
1190 3448 1270 3508 ab
1332 3467 1406 3509 eo
1466 3448 1829 3525 deputando
1888 3449 2268 3508 sufficienter
2325 3447 2760 3526 compareatis,
2811 3447 3098 3506 instructi
3157 3465 3296 3506 cum

842 3555 1133 3615 omnibus
1196 3554 1377 3624 actis,
1434 3552 1695 3633 juribus,
1754 3561 1820 3613 et
1884 3554 2288 3614 munimentis
2347 3553 2424 3613 ad
2487 3573 2744 3614 causam
2803 3573 2915 3613 seu
2972 3554 3294 3631 negocium

851 3667 1247 3741 prenotatum
1295 3659 1745 3738 spectantibus,
1776 3662 2147 3738 processuri.
2234 3659 2323 3718 Et
2365 3679 2478 3738 ego
2520 3680 2595 3718 ex
2638 3667 2816 3737 parte
2860 3659 3011 3719 dicti
3047 3658 3297 3718 Domini

846 3766 1321 3829 Cantuariensis
1392 3766 1857 3844 Archiepiscopi
1933 3767 2242 3844 premissa
2311 3765 2484 3825 vobis
2553 3765 2959 3836 denuncians,
3033 3765 3294 3825 eundem

841 3874 1180 3934 terminum
1208 3872 1383 3933 vobis
1416 3873 1650 3950 prefigo
1684 3872 1745 3931 in
1790 3871 1992 3931 forma
2033 3872 2318 3949 superius
2360 3877 2705 3942 annot-ata;
2750 3877 2814 3930 et
2857 3870 3295 3930 nichilominus

844 3980 972 4040 cito
1015 3999 1125 4039 vos
1166 3978 1603 4056 peremptorie,
1649 3997 1725 4036 ex
1777 3983 1957 4054 parte
2011 3975 2265 4035 Domini
2309 3975 2772 4053 Archiepiscopi
2817 3975 3184 4053 supradicti,
3227 3981 3292 4034 ut

844 4085 1007 4144 infra
1049 4085 1402 4163 quindecim
1454 4083 1605 4154 dice,
1652 4103 1689 4142 a
1733 4083 1903 4141 dicto
1947 4082 2050 4160 viij
2099 4081 2421 4140 Kalendas
2468 4081 2688 4159 [Junii]
2735 4082 3033 4140 continue
3081 4099 3291 4140 nume-

840 4191 1095 4264 randos,
1139 4211 1249 4269 per
1292 4211 1402 4250 vos
1444 4191 1543 4249 vel
1589 4209 1699 4267 per
1740 4191 2215 4249 Procuratorem
2256 4188 2590 4266 ydoneum,
2631 4187 3048 4264 compareatis
3085 4205 3290 4246 coram

839 4299 1058 4360 eodem
1103 4297 1377 4357 Domino
1421 4295 1919 4372 ArchiepiscopO,
1964 4293 2340 4372 ubicunque,
2385 4301 2528 4356 etc..
2569 4293 2811 4368 copiam
2857 4291 3190 4350 relacionis
3231 4290 3288 4349 in

842 4403 1007 4463 dicte
1078 4401 1521 4480 appellacionis
1585 4399 1843 4477 negocio
1900 4418 2011 4476 per
2073 4398 2277 4475 ipsum
2341 4397 2681 4455 Dominum
2747 4395 3288 4474 Archiepiscopum

842 4510 1157 4590 prefatum
1222 4508 1328 4586 viij
1398 4507 1717 4566 Kalendas
1781 4505 1954 4564 Junii
2017 4503 2178 4562 facte
2240 4503 2569 4580 recepturi,
2635 4501 2688 4561 si
2747 4501 2922 4561 vobis
2984 4501 3291 4561 videbitur

844 4615 1151 4693 expedire.
1246 4611 1487 4687 Quibus
1547 4613 1636 4670 sic
1695 4612 1873 4680 actiS,
1935 4610 2100 4668 idem
2165 4609 2461 4686 magister
2529 4608 2832 4676 AnianuS,
2897 4608 3288 4676 Procurator,

836 4721 1267 4801 procuratorio
1308 4719 1561 4777 nomine
1602 4717 1830 4795 prefati
1873 4715 2083 4776 Patris
2125 4715 2382 4773 Domini
2421 4713 2518 4773 sui
2561 4713 2931 4772 Assavensis
2974 4713 3286 4791 Episcopi.

966 4871 1179 4915 l-Here,
1209 4868 1302 4910 and
1330 4868 1376 4909 ln
1405 4867 1588 4909 several
1614 4867 1751 4908 other
1779 4867 1936 4914 places
1961 4865 2012 4908 of
2039 4879 2067 4908 a
2095 4873 2210 4913 page
2237 4863 2462 4906 attached
2489 4867 2540 4906 to
2566 4863 2646 4904 fol.
2673 4862 2768 4909 seb.
2801 4863 3012 4910 portioris
3039 4864 3163 4904 have
3189 4863 3298 4905 been

832 4924 942 4963 torn
968 4919 1037 4962 off
1062 4920 1154 4962 and
1180 4931 1313 4961 some
1337 4919 1495 4961 words
1520 4930 1603 4959 are
1631 4920 1745 4958 lost.

3509 505 3511 639 l

3511 661 3517 785 l
