3619 5868
443 2368 540 2410 Pol.
567 2368 664 2411 sib.

755 532 872 594 100
1260 608 1264 612 q
1411 531 1767 610 Reqistrum
1824 533 2043 594 Thome
2096 533 2171 594 dc
2229 533 2561 614 Cantilupo

753 756 1050 835 Episcopi
1099 757 1342 819 diucius
1400 764 1762 829 verteretur,
1827 778 1901 818 ex
1968 759 2204 830 altera;
2275 778 2411 830 nos,
2462 757 2759 830 Thomas,
2806 759 3227 838 permissione

751 863 962 923 divina
1023 864 1312 923 Minister
1369 864 1850 925 Herefordensis
1907 864 2211 935 Ecclesie,
2270 864 2495 944 quibus
2558 864 2724 924 idem
2785 863 3097 924 Dominus
3148 864 3223 922 in

750 987 944 1028 causa
994 987 1106 1029 seu
1163 969 1418 1047 negocio
1473 969 1777 1048 prelibato
1822 969 2137 1029 commisit
2192 969 2256 1028 iu
2308 969 2578 1029 solidum
2622 970 2791 1030 vices
2836 987 3004 1041 suas,
3049 970 3225 1028 inter

751 1081 960 1134 cetera
999 1073 1457 1153 perpendentes
1498 1075 1666 1154 quod
1720 1075 1929 1135 dictus
1977 1081 2380 1153 presentatus
2436 1075 2762 1135 literatura
2818 1081 2882 1135 et
2932 1075 3217 1134 moribus

749 1180 1080 1239 decoratus
1121 1199 1196 1239 ac
1229 1179 1478 1240 racione
1515 1181 1722 1258 lingue
1757 1181 2049 1258 precipue
2088 1179 2313 1240 habilis
2347 1180 2581 1250 existit,
2615 1180 2696 1239 ad
2722 1179 3214 1240 instrucciouem

749 1286 1268 1366 parochianorum
1328 1287 1586 1346 ecclesie
1642 1295 2009 1358 memorate,
2066 1286 2357 1366 quodque
2410 1287 2689 1364 prefatus
2742 1287 2781 1346 J
2786 1286 3072 1346 ohannes
3136 1285 3219 1345 ad

751 1393 1088 1471 regendum
1141 1393 1466 1452 ecclesiam
1525 1392 1786 1453 eandem
1846 1393 1949 1453 vix
2005 1391 2105 1453 vel
2161 1411 2483 1472 nunquam
2540 1391 2919 1452 descendere
2975 1392 3209 1470 poterit

750 1498 1092 1577 majoribus
1134 1507 1498 1577 occupatus,
1543 1497 2069 1558 submissionibus
2124 1503 2187 1558 et
2242 1497 2827 1558 renunciacionibus
2881 1498 3213 1576 utriusque

748 1605 947 1685 partis
989 1604 1054 1664 in
1097 1605 1296 1664 forma
1342 1605 1498 1683 juris
1553 1603 1739 1663 factis
1794 1602 2116 1683 premissis
2172 1609 2233 1664 et
2290 1603 2601 1675 admissis,
2648 1623 2761 1682 pro
2819 1603 2986 1663 bono
3040 1603 3217 1682 pacis

751 1718 815 1772 et
844 1711 1136 1770 utilitatis
1163 1711 1546 1781 ordinamus,
1578 1710 1865 1779 dicimus,
1903 1718 1967 1769 et
2000 1709 2333 1770 laudamus
2374 1710 2539 1790 quod
2577 1709 2895 1788 sepefatus
2930 1709 3212 1769 Thomas

750 1817 830 1878 de
859 1815 1255 1876 Wicheforde
1286 1815 1367 1876 ad
1396 1816 1722 1876 ecclesiam
1768 1815 1983 1876 Sancti
2022 1815 2193 1876 Petri
2236 1815 2355 1875 loci
2397 1815 2681 1894 ejusdem
2724 1815 3118 1884 admittatur,
3150 1821 3217 1876 et

750 1925 952 2002 ipsam
997 1922 1227 1983 habeat
1269 1943 1340 1982 ac
1384 1928 1595 1983 teneat
1634 1921 1843 2003 quoad
1884 1922 2057 1991 vivit,
2088 1921 2419 2002 ipsumque
2462 1922 2771 1982 'rhomam
2816 1922 3217 1981 admittimus

751 2029 832 2090 ad
874 2028 1180 2099 eandem;
1245 2034 1614 2106 perpetuum
1659 2027 1985 2088 silencium
2035 2027 2337 2106 magistro
2394 2027 2677 2089 Gilberto
2735 2027 2812 2086 de
2857 2027 3213 2103 Haywode,

751 2135 1146 2194 Procuratori
1197 2134 1477 2212 magistri
1524 2132 1860 2204 Johannis,
1913 2153 1987 2192 ac
2030 2132 2149 2212 ipsi
2194 2133 2494 2212 magistro
2537 2133 2601 2192 in
2646 2134 3069 2212 procuratoris
3113 2133 3215 2191 sui

749 2260 1036 2320 persona,
1069 2259 1254 2318 super
1295 2239 1561 2300 ecclesia
1601 2239 1883 2317 predicta
1916 2239 2387 2299 sentencialiter
2418 2239 2810 2318 inponentes.
2898 2239 3211 2300 Volumus

749 2346 947 2434 eciam
990 2355 1053 2407 et
1088 2345 1450 2406 ordinamus
1478 2345 1643 2425 quod
1673 2344 1841 2404 idem
1873 2345 2166 2414 Thomas,
2199 2352 2263 2404 et
2294 2346 2389 2405 sui
2420 2365 2811 2406 successores
2842 2345 2908 2404 in
2941 2345 3211 2405 ecclesia

747 2453 1129 2531 hujusmodi,
1162 2453 1380 2532 viginti
1415 2459 1542 2513 tres
1583 2472 1832 2513 marcas
1874 2452 2309 2530 sterlingorum
2354 2453 2707 2522 annuatim,
2738 2452 2906 2532 apud
2950 2453 3207 2512 Novum

749 2560 1079 2638 Templum
1117 2559 1602 2629 Londoniarum,
1634 2559 1711 2618 de
1745 2559 1944 2636 ipsius
1985 2557 2243 2618 ecclesie
2283 2557 2587 2618 fructibus
2622 2563 2686 2618 et
2720 2557 3215 2617 obvencionibus

747 2666 812 2725 in
852 2665 1042 2725 Festo
1087 2665 1485 2725 Ascensionis
1527 2664 1859 2724 Dominice
1887 2670 1950 2724 et
1980 2663 2277 2724 Omnium
2312 2663 2706 2733 Sanctorum,
2738 2681 2849 2741 pro
2878 2663 3209 2742 equalibus

743 2771 1162 2852 porcionibus,
1195 2771 1363 2831 dicto
1395 2770 1696 2848 magistro
1737 2770 1772 2829 J
1779 2770 2018 2828 obauui
2046 2768 2395 2839 exsolvant,
2428 2768 2527 2829 vel
2568 2776 2739 2828 certo
2766 2768 2997 2828 nuncio
3033 2767 3207 2827 illius

744 2877 956 2938 literas
999 2876 1074 2937 de
1114 2877 1431 2937 solucione
1476 2881 1651 2936 tante
1693 2875 1956 2955 pecunie
1999 2874 2342 2947 deferenti;
2404 2875 2796 2954 prestacione
2844 2873 3213 2953 hujusmodi

744 2982 1045 3064 quamdiu
1072 2982 1294 3043 vixerit
1322 2983 1455 3061 ipse
1485 2982 1782 3059 magister
1809 2980 2170 3041 omnimodo
2200 2980 2519 3041 duratura.
2601 2980 2783 3056 Quod
2814 2982 2867 3040 si
2895 2980 3211 3059 prefatum

746 3090 1050 3150 Thomam
1095 3089 1158 3148 in
1203 3090 1518 3150 solucione
1558 3089 1823 3167 pecunie
1872 3095 2217 3148 memorate
2260 3088 2357 3147 vel
2406 3087 2599 3166 partis
2654 3088 2853 3166 ipsius
2920 3089 3209 3148 terminis

743 3195 1092 3275 prenotatis
1153 3214 1398 3255 cessare
1458 3195 1804 3272 contingat,
1866 3194 2157 3254 clericum
2230 3193 2499 3255 eundem
2562 3194 2827 3255 ecclesia
2900 3194 3211 3273 premissa

744 3320 991 3361 exnunc
1031 3300 1424 3360 decernimus
1465 3318 1602 3360 esse
1645 3300 1984 3378 privatum,
2031 3299 2149 3357 nisi
2193 3300 2350 3359 citra
2406 3318 2684 3359 mensem
2751 3299 2831 3359 ab
2873 3299 3027 3377 ipsis
3082 3306 3207 3358 ter·

743 3407 930 3467 minis
971 3407 1264 3466 continue
1306 3406 1886 3467 connumerandum
1927 3406 2195 3485 pecunia
2234 3406 2535 3485 sepefata,
2572 3412 2757 3485 prout
2788 3407 3079 3484 superius
3106 3418 3205 3466 est

742 3532 1126 3592 expressum,
1147 3514 1385 3590 integre
1414 3513 1600 3572 fuerit
1632 3519 1985 3573 numerata.
2073 3512 2310 3571 Datum
2341 3518 2404 3573 et
2434 3518 2645 3573 actum
2670 3512 2840 3591 apud
2874 3513 3205 3583 Stantone,

747 3618 1050 3679 Kalendis
1092 3618 1265 3689 Julii,
1311 3637 1479 3678 auno
1521 3619 1723 3697 gracie
1771 3618 2232 3680 M⁰GC⁰LXX⁰
2262 3626 2458 3679 sexto.

745 3975 908 4053 Sept.
972 3972 1858 4116 2GB,dC{{3762.—-Menwrandum
1916 3973 1987 4053 of
2037 3972 2233 4033 letters
2288 3971 2623 4050 dimissor-,ts
2673 3973 2783 4052 for
2840 3970 3070 4033 Robcrt
3128 3971 3203 4031 do

1041 4075 1076 4115 o
1116 4096 1118 4101 ·
1163 4072 1269 4132 τηρ
1297 4073 1392 4115 cm.

909 4238 1046 4297 Pno
1114 4253 1381 4305 QUODAM
1451 4253 1726 4296 onnmco
1808 4254 1897 4295 nn
1982 4233 2969 4297 Kommmonn.—Memorandum
3042 4233 3207 4312 quod

745 4342 1058 4403 Robertus
1099 4342 1176 4401 de
1221 4342 1586 4412 Kotintone,
1617 4340 1899 4411 clericus,
1944 4340 2137 4401 habet
2179 4340 2425 4400 litteras
2468 4338 2853 4399 dimissorias
2896 4346 2969 4398 ut
3009 4339 3207 4417 possit

747 4449 1018 4509 ordmari
1055 4468 1093 4508 a
1128 4448 1347 4528 quovis
1385 4446 1701 4525 Episcopo
1738 4445 2212 4507 Cantuariensis
2252 4445 2592 4517 Provincie,
2636 4464 2711 4505 eo
2750 4463 2874 4504 non
2915 4444 3207 4505 obstante

745 4554 910 4634 quod
953 4554 1029 4613 de
1074 4562 1291 4613 nostra
1331 4552 1562 4612 diocesi
1605 4552 1907 4613 oriundus
1948 4554 2195 4623 existit;
2241 4550 2489 4629 proviso
2538 4559 2747 4610 tamen
2779 4551 2947 4630 quod
2976 4552 3207 4610 habeat

747 4661 1001 4721 titulum
1021 4666 1503 4739 competentem.
1576 4658 1813 4717 Datum
1843 4659 2008 4737 apud
2038 4658 2385 4738 Bosebury,
2413 4658 2520 4736 vj⁸⁰
2543 4656 2865 4718 Kalendas
2889 4656 3201 4729 Octobris,

749 4786 916 4827 anno
945 4766 1200 4826 Domini
1233 4763 1694 4825 M⁰OC⁰LXX⁰
1723 4765 1852 4843 vim,
1884 4765 2299 4826 Pontificatus
2330 4764 2529 4825 nostri
2559 4765 2650 4843 ij⁰.
