3619 5868
1192 565 1494 647 Episcopi
1545 567 2029 648 Herefordensis.
2762 570 2841 632 79

367 788 814 851 Preoentorem
882 809 1070 870 super
1139 790 1582 852 beneficiorum
1650 796 1715 852 et
1791 790 2173 871 dignitatum
2256 792 2621 873 pluralitate
2694 810 2835 871 pro-

366 894 666 970 ceditur3
737 895 1015 957 exhibito
1070 894 1250 956 nobis
1319 895 1492 975 prius
1553 914 1664 975 per
1732 896 2003 958 eundem
2067 898 2544 959 Procuratorem
2612 903 2829 958 tenore

367 1000 764 1081 quorundam
805 1000 1267 1080 privilegiorum
1309 1000 1463 1062 dieti
1505 1002 1897 1063 Preoentoris
1938 1002 2005 1063 in
2046 1001 2314 1063 formam
2354 1002 2671 1083 publicam
2712 1003 2831 1064 sub

365 1125 566 1167 manu
623 1107 849 1168 notarii
903 1098 1166 1187 publici,
1216 1115 1284 1168 ut
1339 1107 1686 1181 videbatur,
1747 1109 2021 1180 redacto,
2082 1127 2354 1169 unacum
2411 1113 2626 1171 tenore
2677 1128 2823 1170 auc·

365 1211 646 1274 totitatis
699 1213 853 1274 dicti
905 1213 1261 1275 tabellionis
1315 1232 1427 1273 seu
1477 1214 1726 1285 notarii,
1778 1214 1897 1274 sub
1949 1214 2153 1294 sigillo
2209 1214 2612 1276 officialitatis
2669 1214 2836 1275 Lon·

365 1318 710 1391 doniensis,
753 1324 818 1379 et
869 1318 1127 1380 Abbatis
1173 1318 1738 1392 Westmonasterii,
1790 1319 2227 1401 dictorumque
2267 1320 2831 1382 instrumentorum

363 1442 562 1503 penes
609 1443 728 1485 nos
777 1423 959 1503 copia
1012 1430 1378 1485 remanente
1398 1444 1413 1497 ;
1472 1424 1756 1485 volentes
1798 1444 1988 1504 super
2030 1425 2152 1486 hiis
2192 1430 2257 1486 et
2308 1425 2447 1487 aliis
2496 1426 2827 1505 negocium

363 1530 760 1592 antedictum
815 1531 1241 1609 tangentibuS,
1314 1536 1591 1591 tractatu
1659 1530 1991 1610 prehabito
2054 1529 2355 1609 diligenti,
2426 1531 2673 1610 plenius
2736 1530 2829 1591 in·

366 1636 644 1709 formari,
689 1642 753 1699 et
809 1636 873 1697 in
929 1637 1189 1715 negocio
1243 1636 1606 1715 hujusmodi
1655 1636 2002 1699 secundum
2056 1637 2213 1717 juris
2258 1636 2643 1717 exigenciam
2685 1656 2835 1697 cum

364 1740 580 1802 debita
628 1740 994 1803 maturitate
1048 1742 1402 1821 procedere,
1460 1742 1788 1821 negocium
1846 1748 2261 1804 memoratum
2304 1742 2423 1804 sub
2477 1743 2680 1804 forma
2742 1744 2837 1803 in-

361 1846 714 1925 frascripta,
761 1847 838 1908 de
881 1865 1196 1907 consensu
1238 1847 1388 1907 dicti
1438 1848 1873 1908 Procurator-is
1928 1866 2244 1926 expresso,
2296 1847 2593 1908 duximus
2634 1847 2833 1908 deier-

361 1953 600 2014 endum
643 1972 756 2014 seu
798 1953 990 2012 etiam
1033 1952 1513 2031 prorogandum,
1557 1970 1883 2033 quousque
1926 1951 2289 2013 Preoentori
2332 1952 2614 2031 predicto
2655 1952 2828 2013 aliud

363 2078 557 2139 super
584 2060 702 2121 hoc
730 2060 1088 2121 dederimus
1119 2060 1184 2119 in
1215 2060 1568 2129 mandatis;
1613 2059 1903 2121 videlicet
1932 2069 2023 2132 ut,
2062 2060 2413 2120 monioione
2443 2060 2829 2139 competenti

362 2165 714 2244 prehabita,
780 2165 986 2226 dictus
1057 2167 1397 2226 Precentor
1464 2185 1574 2245 per
1643 2184 1710 2227 se
1782 2164 1883 2226 vel
1947 2166 2426 2226 Procuratorem
2488 2165 2827 2244 ydoneum,

363 2271 715 2335 secundum
757 2271 1024 2332 formam
1084 2271 1410 2333 eitacionis
1463 2290 1577 2350 per
1632 2290 1747 2332 nos
1803 2270 1921 2332 sibi
1977 2270 2280 2344 faciende,
2338 2283 2701 2349 compareat
2754 2272 2823 2332 in

363 2376 540 2437 dicto
581 2376 839 2455 negocio
880 2375 1227 2437 secundum
1257 2386 1710 2438 retroactorum
1749 2382 2033 2439 tenorem
2063 2378 2367 2455 legittime
2396 2398 2821 2458 processurus.

365 2632 522 2709 May
578 2632 1196 2774 lz—Bfipffiintment
1249 2634 1319 2713 of
1378 2632 1605 2693 Robert
1659 2633 1733 2693 de
1792 2633 1954 2694 Ross
2010 2654 2079 2693 as
2136 2635 2391 2694 Proctor
2432 2634 2541 2713 for
2595 2634 2837 2713 Hervey

789 2734 858 2773 or
941 2734 1018 2773 m.
1465 2774 1468 2779 .

531 2868 856 2931 Hnnvnus
911 2887 998 2930 nn
1053 2868 1815 2931 Bonam.—Reverendo
1869 2870 1934 2930 in
1992 2870 2243 2932 Christo
2304 2870 2495 2946 Patri,
2557 2870 2833 2932 Domino

361 2974 626 3047 Thome,
700 2975 819 3035 Dei
886 2975 1097 3054 gracia
1169 2974 1618 3036 Herefordensi
1688 2975 2027 3054 Episcopo,
2096 2995 2249 3037 suus
2320 2976 2489 3037 filius
2549 2977 2835 3050 devotus,

363 3079 660 3142 Herveus
729 3080 806 3142 de
873 3081 1176 3154 Borham,
1246 3082 1586 3143 Preoentor
1646 3081 1953 3160 ejusdem,
2022 3083 2314 3155 salutem,
2381 3082 2833 3157 obedienciam,

363 3187 810 3260 reverenciam,
871 3193 934 3248 et
995 3187 1318 3249 honorem.
1421 3188 1519 3249 Ad
1573 3187 2104 3248 consenciendum
2159 3187 2514 3267 specialiter
2571 3189 2825 3250 nomine

365 3299 587 3354 nostro
639 3301 710 3355 ut
764 3294 1094 3372 negocium
1148 3312 1272 3373 quo
1328 3295 1670 3355 autoritate
1725 3303 1955 3367 vestra,
2013 3314 2125 3356 seu
2173 3314 2286 3374 per
2326 3313 2437 3356 vos
2480 3315 2555 3356 ex
2599 3295 2831 3369 officio,

363 3406 588 3461 contra
630 3420 746 3462 nos
788 3420 976 3479 super
1015 3401 1459 3462 beneficiorum
1501 3407 1564 3462 et
1619 3401 1997 3481 dignitatum
2054 3401 2416 3480 pluralitate
2472 3403 2835 3481 proceditur

367 3526 406 3567 a
461 3507 657 3580 vobis,
718 3507 1072 3588 ubicunque
1131 3508 1396 3580 fueritis,
1454 3509 1653 3569 eciam
1707 3517 1891 3568 extra
1947 3508 2327 3570 territorium
2376 3515 2580 3571 vestre
2634 3509 2820 3588 juris-

362 3612 686 3686 diccionis,
742 3614 1004 3676 ulterius
1057 3622 1422 3693 prorogetur
1477 3634 1589 3676 seu
1643 3614 1985 3686 differatur,
2045 3621 2109 3676 et
2166 3622 2449 3677 vestrum
2503 3615 2826 3678 decretum

363 3738 556 3798 super
608 3719 728 3780 hoc
784 3719 1266 3792 admittendum,
1325 3720 1626 3781 dilectum
1683 3720 1864 3781 nobis
1920 3720 2292 3800 magistrum
2349 3721 2692 3783 Robertum
2750 3721 2831 3783 de

359 3825 494 3886 Ros
549 3826 1028 3888 Procuratorem
1101 3832 1387 3887 nostrum
1456 3826 1723 3888 facimus
1791 3826 2151 3905 specialem,
2216 3832 2425 3888 ratum
2489 3827 2824 3888 habiturus

357 3931 660 4012 quicquid
700 3931 866 3992 idem
901 3931 1216 3992 Robertus
1254 3937 1471 3992 nostro
1504 3931 1757 3992 nomine
1796 3931 2011 3993 fecerit
2044 3931 2110 3991 in
2153 3931 2495 4009 premissis.
2582 3933 2824 3993 Datum

363 4037 712 4098 Londoniis
752 4042 816 4099 et
857 4048 1074 4098 nostro
1115 4037 1318 4116 sigillo
1359 4038 1696 4116 signatum,
1742 4037 1964 4098 Idibus
2008 4037 2185 4100 Maii.

361 4295 518 4374 May
560 4299 657 4368 11,
701 4295 1174 4356 1276.—Letter
1216 4303 1273 4356 to
1319 4269 1644 4355 the⁵Prior
1683 4295 1811 4354 and
1864 4295 2129 4354 convent
2170 4295 2240 4372 of
2287 4293 2668 4355 Leominster
2715 4295 2825 4356 ad·

601 4377 900 4456 joui-ninq
915 4377 1167 4457 further
1210 4376 1307 4436 the
1346 4375 1674 4436 visitation
1713 4375 1967 4453 already
1995 4375 2351 4436 announced
2378 4376 2505 4435 and
2532 4375 2825 4455 defer-red.

529 4546 1018 4608 Lnomms'rnn:
1085 4563 1208 4607 rao
1271 4543 2083 4615 v1S1rA010un.—Thomas,
2158 4547 2302 4615 etc„
2361 4541 2608 4604 dilectis
2664 4543 2831 4619 filiis,

361 4653 570 4713 Priori
630 4658 694 4714 et
752 4651 1104 4714 Conventui
1161 4652 1238 4713 de
1295 4651 1711 4722 Leominstre,
1773 4661 1894 4711 etc.
1998 4649 2256 4710 Dudum
2318 4648 2383 4710 in
2448 4653 2833 4714 monasterio

357 4763 575 4820 vestro
642 4763 924 4838 tempore
991 4756 1466 4839 quadragesime
1543 4757 1889 4818 existentes
1957 4755 2345 4816 visitacionis
2415 4754 2687 4817 officium
2758 4757 2826 4818 in

359 4864 543 4927 vobis
605 4881 670 4925 et
731 4865 869 4944 ipso
924 4863 1309 4925 monasterio
1368 4863 1808 4943 proposuimus
1872 4879 2177 4922 exercere.
2292 4861 2474 4936 Quod
2537 4881 2681 4923 cum
2746 4863 2827 4924 ad

359 4991 580 5053 preces
647 4980 892 5034 vestras
959 4971 1322 5032 distulimus
1390 4991 1466 5032 ex
1533 4988 1728 5031 causa
1789 4987 1989 5049 usque
2048 4967 2115 5028 in
2178 4967 2524 5029 crastinum
2588 4968 2817 5031 Sancte
