3619 5868
1179 532 1480 613 Episcopi
1534 533 1607 592 H
1603 532 2017 613 erefordensis.
2748 537 2824 599 57

373 756 685 819 subtracti
727 759 1033 829 carencia,
1085 758 1411 819 viduitatis
1459 758 1693 818 amictu
1745 757 2149 830 circumdata,
2194 758 2391 817 oeulis
2440 758 2731 818 resolutis
2773 758 2839 817 in

379 863 697 936 lacrimae,
729 864 868 943 ejus
909 863 1029 925 sibi
1070 864 1352 944 queritur
1394 864 1690 943 adempta
1739 863 1993 935 solacia,
2041 864 2320 924 lamenta
2362 864 2439 923 de
2482 864 2651 924 illius
2695 864 2837 924 sub-

375 970 696 1031 traccione
726 970 1126 1049 multiplicat,
1159 979 1222 1031 et
1253 970 1444 1031 auxia
1471 990 1584 1049 pro
1627 970 1886 1031 alterius
1928 968 2383 1031 substitucione
2416 968 2693 1041 laborat;
2738 970 2838 1030 Eo

372 1076 754 1156 quandoque
795 1076 1098 1155 prolixius
1141 1095 1283 1155 qu0,
1331 1076 1455 1136 hiis
1496 1094 1760 1155 quorum
1804 1076 2067 1136 interest
2109 1095 2252 1135 cum
2296 1075 2467 1135 omni
2509 1075 2839 1152 diligencia

369 1181 659 1242 sollerter
701 1202 775 1242 ac
824 1182 1136 1242 instanter
1177 1181 1459 1261 ejusdem
1503 1181 1787 1242 Ecclesie
1829 1181 2168 1259 provisioni
2209 1180 2577 1242 vacantibus
2618 1181 2836 1241 nichil-

370 1287 626 1348 ominus
671 1295 882 1348 tamen
910 1288 1266 1349 vacacionis
1307 1287 1733 1368 prolixitatem
1783 1286 2010 1365 ingerit
2059 1287 2525 1347 occurrencium
2575 1306 2837 1347 casuum

367 1393 646 1473 qualitas
703 1393 1092 1472 aliarumque
1155 1392 1777 1454 circumstanciarum
1835 1392 2200 1463 necessitas,
2259 1412 2384 1453 non
2456 1392 2836 1452 instanciam

371 1497 764 1576 negligencia
804 1498 904 1558 vel
944 1498 1260 1559 voluntas.
1349 1496 1436 1557 Et
1479 1497 1626 1557 licet
1667 1495 1919 1557 interim
1962 1495 2179 1557 eadem
2224 1496 2531 1567 Ecclesia,
2563 1496 2713 1557 dum
2757 1496 2838 1557 ad

375 1603 722 1665 edicionem
783 1604 1126 1683 spiritualis
1182 1604 1399 1684 patrie,
1458 1602 1590 1675 filii,
1649 1604 1988 1683 sponsique
2038 1603 2313 1663 votivam
2370 1604 2646 1674 enititur,
2696 1622 2835 1682 par·

376 1711 674 1771 turientis
703 1717 912 1791 partes
942 1712 1289 1789 experiens,
1321 1715 1587 1769 conatus
1615 1727 2000 1788 prosequens
2030 1714 2093 1768 et
2136 1709 2455 1768 molestias
2496 1708 2833 1787 perferens,

367 1817 630 1879 acerbos
700 1817 944 1877 dolores
1014 1817 1274 1887 senciat,
1335 1816 1534 1876 instar
1600 1814 1767 1875 illius
1837 1823 2052 1874 tamen
2109 1814 2465 1874 consulcius
2520 1814 2835 1893 ydoneum

373 1923 662 2004 pariendi
712 1932 962 2002 tempus
1011 1926 1326 2003 expectat,
1363 1941 1442 1981 ne
1485 1920 1840 1981 inconsulte
1883 1919 2257 1980 festinancie
2300 1919 2539 1999 impetu
2583 1926 2834 1999 partum

374 2031 706 2111 precipitet
734 2030 798 2089 in
829 2030 1137 2092 abortum.
1208 2029 1309 2089 Sic
1331 2029 1520 2107 igitur
1538 2033 2024 2107 presumptuosa
2042 2026 2279 2105 judicia
2299 2027 2833 2087 murmurancium

369 2138 437 2197 in
480 2135 767 2196 Ecclesie
807 2134 1162 2214 provisione
1203 2153 1544 2215 quamsepe
1585 2134 1838 2213 indigne
1881 2139 2151 2211 arguunt
2194 2132 2575 2194 tarditatem.
2666 2133 2835 2194 Nam

373 2241 496 2303 etsi
526 2241 604 2301 de
633 2241 1016 2320 providendo
1045 2240 1282 2301 utiliter
1310 2239 1513 2300 eidem
1544 2239 1829 2299 Ecclesie
1857 2240 1921 2298 in
1964 2238 2374 2317 generalitate
2402 2239 2676 2319 quadam
2707 2238 2835 2300 sint
2926 2275 2932 2282 -

379 2348 758 2426 eligencium
806 2354 954 2407 vota
1002 2346 1356 2418 concordia,
1407 2351 1624 2406 tamen
1673 2344 1824 2405 dum
1876 2344 2274 2423 singulariter
2321 2344 2402 2405 ad
2457 2344 2518 2404 id
2569 2364 2839 2425 persona

367 2455 596 2516 idonea
638 2453 939 2533 queritur,
971 2453 1036 2512 in
1080 2452 1216 2512 hoc·
1241 2452 1533 2512 nimirum
1579 2451 1981 2531 querencium
2023 2449 2257 2529 judicia
2296 2451 2479 2511 facile
2520 2471 2646 2511 non
2682 2471 2825 2512 con-

363 2561 652 2631 cordant,
708 2568 804 2621 set
857 2565 920 2620 et
975 2578 1428 2637 nonnunquam
1480 2559 1730 2619 occulta
1770 2557 1984 2619 forsan
2028 2558 2148 2619 Dei
2196 2557 2612 2637 disposicione
2659 2567 2830 2638 post-

363 2666 698 2745 ponendus
727 2666 975 2743 eligitur
1003 2672 1068 2725 et
1096 2663 1494 2743 postponitur
1519 2663 1963 2742 preferendus;
2008 2662 2171 2723 sicut
2199 2662 2323 2724 hiis
2365 2664 2665 2724 accidisse
2707 2664 2833 2725 die-

365 2770 484 2831 bus
515 2789 594 2831 ex
624 2776 978 2831 nostrorum
1026 2770 1384 2830 defectuum
1428 2768 1935 2829 consideracione
1981 2769 2393 2849 supponimus
2422 2778 2485 2830 et
2514 2768 2837 2831 humiliter

361 2877 758 2938 eonfitemur.
881 2877 1100 2956 Nuper
1145 2876 1312 2937 enim
1365 2874 1563 2937 felicis
1608 2874 2062 2936 recordacionis
2110 2874 2404 2937 Johanne
2452 2876 2645 2955 Papa,
2696 2896 2832 2956 pre-

363 3003 696 3066 pecessore
736 2991 978 3054 nostro,
1023 2983 1189 3062 apud
1232 2981 1605 3054 Viterbium,
1644 2981 1751 3042 ubi
1779 2987 1931 3042 tune
1960 3001 2102 3042 cum
2135 3001 2251 3043 sua
2278 2981 2467 3043 Curia
2495 2982 2829 3056 residebat,

366 3091 452 3152 ab
495 3090 618 3150 hac
651 3090 790 3150 luce
833 3089 1176 3160 subtracto,
1217 3095 1282 3148 et
1324 3087 1522 3168 ipsius
1560 3108 1816 3166 corpore
1854 3088 1919 3147 in
1962 3087 2342 3150 Viterbiensi
2384 3088 2647 3149 ecclesia
2688 3108 2835 3149 cum

370 3196 779 3276 exequiarum
837 3195 1306 3274 sollempnitate
1349 3194 1561 3255 debita
1614 3195 1947 3265 tumulate,
1992 3193 2248 3254 tandem
2305 3213 2440 3266 nos,
2492 3199 2555 3254 et
2610 3194 2834 3256 fratres

375 3302 608 3382 quibus
637 3321 753 3363 nos
781 3308 935 3362 tunc
964 3301 1149 3362 officii
1178 3320 1302 3382 quo
1345 3300 1426 3361 ad
1453 3301 1574 3360 hoc
1617 3299 2069 3361 annumerabat
2110 3300 2439 3381 equalitas,
2471 3300 2535 3360 in
2577 3300 2834 3361 Palacio

369 3407 742 3486 Episcopali
811 3407 1239 3478 convenimus,
1296 3405 1759 3486 propensiorem
1820 3405 2215 3482 diligenciam
2284 3405 2637 3467 desiderate
2692 3427 2831 3486 pro-

359 3514 592 3575 visioni
633 3514 836 3574 eidem
878 3514 1163 3574 Ecclesia
1205 3511 1569 3592 impensuri.
1653 3511 1742 3571 Et
1783 3530 2169 3591 quamquam
2210 3511 2315 3572 ille
2342 3511 2449 3592 qui
2478 3512 2694 3572 celesti
2722 3512 2832 3573 dat

367 3621 707 3681 concentui
746 3620 835 3698 [b]
857 3621 1223 3689 armoniam,
1255 3637 1390 3690 nos,
1417 3617 1533 3679 sub
1561 3618 1855 3679 clausura
1883 3619 2099 3678 eadem
2137 3617 2515 3688 habitantes,
2539 3618 2603 3677 in
2634 3638 2831 3678 unum

369 3726 454 3786 ad
484 3726 706 3786 utilem
737 3725 1152 3805 provisionem
1199 3724 1396 3803 ipsius
1438 3723 1723 3785 Ecclesie
1764 3721 2195 3794 obtinendam,
2225 3729 2411 3802 prout
2444 3723 2830 3801 singulorum

374 3832 611 3894 habeat
654 3831 943 3904 asserci0,
976 3831 1306 3892 unanimes
1335 3831 1464 3892 fore
1509 3850 1623 3891 sua
1650 3830 1756 3909 pia
1784 3830 2076 3891 voluntas
2105 3830 2516 3900 concesserit;
2563 3830 2643 3891 ad
2685 3849 2827 3891 con-

372 3937 871 4000 summacionem
901 3944 1116 3998 tamen
1144 3936 1517 4015 provisionis
1545 3936 1850 4015 ejusdem,
1882 3936 2011 3996 alto
2040 3955 2155 3996 suo
2182 3943 2246 3996 et
2282 3941 2519 3996 secreto
2547 3937 2827 4009 consilio,

369 4045 524 4106 dare
567 4043 935 4123 aliquandiu
976 4043 1220 4104 distulit
1265 4042 1555 4122 spiritum
1598 4042 1883 4102 unitatis.
1973 4041 2083 4102 Set
2125 4041 2376 4102 demum
2406 4041 2471 4101 in
2501 4041 2599 4101 die
2627 4042 2829 4103 Beate

371 4149 697 4221 Katerine,
759 4149 1098 4211 Missarum
1157 4148 1543 4228 sollempuiis
1599 4168 1742 4209 cum
1814 4147 2215 4209 invocacione
2272 4147 2487 4208 Sancti
2561 4147 2830 4225 Spiritus

367 4258 722 4328 celebratis,
798 4256 987 4317 iidem
1058 4257 1283 4317 fratres
1358 4256 1422 4315 in
1492 4254 1915 4315 humilitatem
1986 4258 2288 4324 nostram,
2359 4253 2628 4332 (utinam
2700 4274 2827 4315 nou

373 4363 821 4424 exhorbitante
877 4362 1164 4441 judicio),
1222 4381 1333 4440 per
1388 4361 1550 4421 viam
1609 4359 1896 4420 scrutinii
1950 4359 2423 4430 concordanteS,
2480 4377 2616 4431 nos,
2675 4366 2828 4420 tunc

371 4469 592 4531 Sancti
642 4467 936 4528 Nicholai
978 4467 1044 4528 in
1090 4486 1336 4528 carcere
1387 4465 1676 4526 Tulliano
1725 4465 2079 4526 Diaconum
2124 4464 2542 4534 Cardinalem,
2574 4465 2653 4525 ad
2682 4485 2827 4525 con-

363 4574 790 4637 scendendam
861 4573 1219 4653 Apostolice
1284 4571 1608 4652 dignitatis
1671 4572 1989 4650 speculam
2052 4571 2432 4631 unanimiter
2488 4571 2826 4649 elegerunt,

364 4681 547 4743 nobis
604 4688 843 4742 vestem
894 4679 1162 4760 poderis²
1225 4679 1585 4740 universum
1628 4677 1796 4739 orbis
1840 4675 2145 4737 ambitum
2214 4677 2642 4738 continentem
2700 4697 2827 4738 non

363 4789 701 4851 offerentes
719 4786 1181 4858 tantummodO,
1207 4795 1303 4846 set
1333 4785 1532 4846 eciam
1560 4803 1705 4844 cum
1731 4783 2093 4862 importuna
2112 4782 2427 4843 instancia
2449 4784 2823 4862 ingerentes

511 4934 807 4980 l—Poden's.
837 4947 866 4976 a
901 4935 1006 4981 long
1043 4933 1238 4982 priestly
1272 4936 1528 4975 vestment.
1597 4930 1709 4974 Ord.
1744 4930 1874 4972 vital
1907 4927 2001 4977 (ao.
2038 4931 2113 4971 Du
2147 4925 2335 4976 cange).
2372 4929 2591 4975 Quidam
2624 4927 2835 4971 illorum
2928 4985 2935 4991 ἱ

354 4984 693 5032 (clericorum)
716 4984 988 5033 poderibus
1013 4985 1126 5027 suis
1151 4983 1343 5026 induti.
