3619 5868
427 1349 524 1392 Fol.
550 1351 616 1392 49.

737 455 854 516 178
1395 455 1751 536 Reqistrum
1808 456 2029 518 Thome
2082 456 2157 518 de
2214 455 2547 536 Cantilupo

732 707 884 766 Jan.
929 710 1030 774 12.
1078 706 1510 766 1303.—Writ
1560 713 1619 766 to
1677 707 1773 766 the
1834 707 2077 768 Barons
2125 707 2195 785 of
2232 707 2329 767 the
2372 707 2733 787 Exchequcr
2775 715 2834 768 to
2880 708 2976 767 the
3018 708 3207 786 effect

982 785 1117 845 that
1169 787 1222 846 it
1278 787 1401 846 had
1458 787 1600 847 been
1653 787 2035 848 ascertained
2090 788 2165 866 by
2206 788 2545 868 ‘in-spectiora
2586 788 2656 866 of
2693 788 2789 848 the
2833 787 3009 848 Bous
3054 789 3205 850 that

975 866 1045 926 in
1101 867 1198 926 the
1238 875 1422 945 qrant
1468 868 1750 948 specified
1790 868 1975 930 above
2019 872 2103 948 (p,
2152 871 2298 946 165)
2349 869 2445 929 the
2488 889 2664 929 name.
2706 873 2779 946 of
2812 873 3024 944 chry
3064 889 3203 931 was

978 948 1243 1008 inserted
1289 948 1359 1008 in
1411 968 1580 1010 error
1613 950 1722 1026 for
1771 949 1907 1009 that
1947 951 2017 1027 os
2051 950 2287 1028 Philip,
2331 949 2458 1010 and
2500 950 2757 1026 Ameley
2785 951 2897 1028 sor
2944 951 3199 1026 Earley,

977 1029 1102 1088 and
1133 1028 1268 1089 that
1295 1049 1538 1090 arv-ears
1567 1031 1636 1106 os
1656 1030 1890 1090 sixteen
1922 1031 2165 1110 pounds
2193 1035 2269 1106 of
2298 1038 2434 1091 rent
2464 1031 2635 1108 from
2678 1030 2774 1090 the
2816 1031 2958 1090 date
3000 1031 3069 1108 of
3093 1031 3199 1092 tho

975 1119 1158 1251 ρνῙιιιοηι
1219 1110 1440 1170 should
1498 1123 1604 1170 not
1667 1110 1734 1170 be
1791 1111 2052 1171 claimed
2101 1113 2273 1189 from
2336 1111 2433 1172 the
2474 1119 2782 1172 executors
2847 1112 2917 1189 of
2958 1111 3199 1192 Bishop

983 1193 1034 1249 T
1111 1211 1260 1251 mas.

896 1347 1077 1407 Istud
1137 1348 1322 1408 breve
1377 1347 1803 1426 subscriptum
1872 1348 2105 1428 poterit
2167 1348 2433 1408 inveniri
2496 1348 2563 1408 in
2605 1347 2812 1408 filacio
2856 1347 3080 1426 majori
3121 1347 3204 1408 de

737 1453 1062 1513 Scaccario
1100 1454 1358 1514 Domini
1397 1454 1586 1533 Regis
1624 1453 1947 1525 Edwardi,
1985 1453 2097 1514 filii
2132 1453 2321 1532 Regis
2363 1453 2642 1526 Henrici,
2680 1473 2847 1514 anno
2883 1455 3203 1515 tricesimo

731 1558 932 1636 primo
973 1559 1148 1638 regni
1191 1558 1308 1620 sui.

893 1688 1268 1760 Edwardus,
1315 1697 1459 1761 etc„
1510 1689 1931 1750 Thesaurario
1994 1696 2058 1751 et
2122 1689 2478 1751 Batonibus
2539 1693 2670 1753 suis
2728 1690 2807 1751 de
2873 1692 3198 1754 Scaccario

731 1795 1020 1857 salutem.
1123 1795 1504 1856 Monstravit
1569 1796 1748 1857 nobis
1803 1795 2196 1858 Venerabilis
2253 1798 2465 1869 Pater,
2526 1797 2925 1879 R[icardus]‚
2998 1798 3199 1859 Here·

731 1901 1040 1962 fordensis
1097 1903 1472 1981 Episcopum
1539 1923 1707 1964 unus
1769 1910 2175 1964 executorum
2236 1905 2604 1966 testamenti
2673 1904 2835 1966 bone
2898 1905 3199 1966 memorie

732 2007 992 2079 Thome‚
1044 2028 1242 2087 nuper
1297 2008 1598 2088 Episcopi
1643 2010 1925 2089 ejusdem
1986 2010 2126 2082 loci,
2172 2011 2337 2090 quod
2394 2030 2537 2071 cum
2589 2019 2767 2072 sexto
2810 2011 3056 2072 decimo
3096 2013 3200 2072 die

731 2113 928 2186 Junii,
973 2133 1142 2174 anno
1197 2115 1370 2194 regni
1425 2115 1625 2176 nostri
1669 2123 1917 2194 quart0,
1964 2135 2075 2194 per
2118 2116 2361 2178 litteras
2419 2125 2673 2177 nostras
2711 2127 3009 2196 patentes
3051 2138 3198 2177 con·

731 2221 1142 2282 cessissemus
1204 2222 1403 2282 eidem
1469 2221 1712 2282 Thome
1774 2222 2125 2282 manerium
2190 2223 2267 2282 de
2326 2222 2579 2301 Erleye¹
2632 2242 2826 2302 prope
2890 2224 3197 2302 Badinge,

734 2344 877 2385 oum
919 2326 1341 2404 pertinenciis,
1386 2327 1558 2406 quod
1597 2326 1718 2386 fuit
1763 2327 2025 2386 Henrici
2067 2327 2146 2387 de
2188 2328 2366 2406 Erly,
2410 2328 2709 2396 defuncti.
2751 2329 2859 2408 qui
2901 2329 2979 2388 de
3017 2329 3200 2390 nobis

735 2432 939 2512 tenuit
1010 2433 1075 2491 in
1139 2433 1364 2511 capite,
1423 2439 1488 2494 et
1550 2433 1719 2513 quod
1779 2433 1900 2493 fuit
1963 2433 2027 2492 in
2095 2453 2285 2494 manu
2350 2443 2571 2494 nostra
2630 2435 2885 2495 racione
2934 2419 3197 2495 minoris

730 2541 921 2601 etatis
977 2540 1224 2600 heredis
1279 2541 1561 2619 ejusdem
1623 2539 1886 2600 Henrici
1944 2539 2007 2599 in
2064 2540 2351 2600 custodia
2408 2547 2623 2600 nostra
2680 2549 2833 2600 tunc
2896 2541 3199 2620 temporis

729 2647 1097 2718 existentis;
1156 2646 1518 2708 habendum
1563 2665 1762 2725 usque
1806 2645 1889 2705 ad
1932 2645 2277 2723 legitimam
2322 2651 2555 2706 etatem
2601 2646 2850 2707 heredis
2890 2646 3196 2724 predicti;

730 2753 1048 2814 reddendo
1103 2752 1248 2812 inde
1306 2751 1484 2812 n'obis
1541 2772 1654 2831 per
1703 2771 1937 2811 annum
1984 2751 2066 2812 ad
2112 2751 2505 2812 Scaccarium
2550 2759 2835 2812 nostrum
2880 2752 3195 2812 sexdecim

728 2877 998 2930 marcas,
1063 2859 1331 2918 durante
1394 2857 1688 2918 custodia
1752 2857 2073 2938 predicta:
2147 2865 2210 2917 et
2269 2857 2693 2937 postmodum,
2760 2857 3029 2938 septimo
3094 2859 3196 2918 die

728 2965 902 3037 sulii,
950 2983 1117 3025 anno
1178 2966 1353 3044 regni
1413 2965 1612 3025 nostri
1672 2965 1913 3043 quint0,
1965 2983 2076 3043 per
2137 2963 2327 3023 finem
2392 2965 2807 3024 ducentarum
2870 2964 3189 3037 librarum,

729 3093 914 3153 quem
959 3073 1123 3133 idem
1168 3072 1443 3133 Thomas
1484 3073 1632 3132 fecit
1677 3072 2005 3131 nobiscum
2049 3091 2160 3151 per
2202 3071 2361 3131 alias
2404 3072 2649 3133 litteras
2699 3080 3013 3151 patenteS,
3048 3092 3193 3132 con-

729 3182 1137 3241 cessissemus
1199 3179 1255 3238 ei
1314 3178 1660 3239 custodiam
1722 3188 2029 3239 terrarum
2088 3188 2151 3239 et
2209 3184 2710 3240 tenementorum
2768 3198 2889 3257 que
2939 3178 3191 3238 fuerunt

729 3286 1006 3365 Philippi
1077 3287 1154 3345 de
1227 3286 1552 3362 Arneleye,
1616 3284 1919 3356 defuncti,
1984 3286 2088 3363 qui
2159 3285 2236 3345 de
2300 3284 2482 3345 nobis
2546 3284 2749 3343 tenuit
2812 3284 2873 3343 in
2948 3285 3191 3362 capite;

728 3392 1088 3453 habendum
1142 3390 1366 3462 eidem,
1426 3396 1547 3451 etc.
1582 3410 1597 3463 3
1643 3390 1935 3469 idemque
1979 3391 2253 3451 Thomas
2297 3393 2607 3451 tenuisset
2652 3395 2780 3449 tam
2840 3390 3191 3450 custodiam

729 3496 990 3557 manerii
1046 3497 1214 3557 illius
1267 3516 1457 3577 quam
1513 3496 1798 3557 omnium
1856 3495 2122 3557 aliarum
2180 3506 2488 3557 terrarum
2560 3502 2623 3557 et
2688 3504 3189 3557 tenementorum

729 3621 849 3683 que
918 3602 1172 3663 fuerunt
1256 3601 1537 3680 ejusdem
1622 3600 1897 3680 Philippi
1967 3600 2068 3661 die
2151 3619 2275 3681 quo
2359 3600 2534 3674 obiit,
2605 3620 2803 3681 usque
2874 3602 2957 3661 ad
3024 3602 3191 3661 diem

728 3708 937 3769 obitus
1007 3707 1289 3785 ejusdem
1356 3708 1618 3767 Thome.
1743 3706 1831 3766 Et
1894 3707 2291 3785 postmodum
2345 3707 2511 3767 idem
2577 3707 2884 3768 Ricardus
2942 3716 3007 3767 et
3089 3726 3190 3768 co-

726 3820 1091 3874 executores
1168 3812 1264 3873 sui
1322 3811 1688 3872 testamenti
1747 3812 2032 3889 predicti,
2099 3811 2361 3871 eandem
2428 3812 2777 3872 custodiam
2845 3830 3041 3891 usque
3110 3812 3193 3872 ad

727 3920 1066 3997 legitimam
1138 3926 1372 3979 etatem
1451 3916 1766 3978 Johannis
1830 3916 1907 3976 de
1976 3917 2229 3995 Erleye,
2300 3917 2413 3977 filii
2474 3923 2539 3978 et
2610 3917 2859 3977 heredis
2929 3918 3190 3995 predicti

730 4025 1027 4105 Philippi,
1073 4025 1306 4085 virtute
1363 4022 1508 4083 finis
1566 4032 1628 4083 et
1689 4022 2112 4083 concessionis
2167 4023 2357 4094 illiue,
2412 4024 2806 4094 habuissent,
2850 4043 2961 4102 per
3018 4024 3189 4104 quod

731 4132 849 4211 ipsi
905 4131 983 4191 de
1039 4128 1335 4209 predictis
1378 4128 1691 4188 sexdecim
1751 4128 1979 4188 marcis
2043 4128 2275 4188 annuis
2331 4148 2369 4188 a
2427 4128 2707 4207 predicto
2764 4130 3033 4208 septimo
3086 4130 3191 4191 die

730 4240 768 4301 J
775 4238 884 4299 ulii
927 4235 1246 4297 exonerari
1288 4234 1556 4306 debent;
1601 4253 1732 4305 vos,
1765 4235 1912 4293 licet
1956 4232 2120 4293 dicte
2163 4232 2433 4293 ducente
2475 4232 2630 4293 libre
2674 4234 2855 4295 nobis
2898 4234 2979 4295 ad
3022 4237 3191 4296 idem

735 4347 1133 4408 Scaccarium
1190 4350 1473 4403 nostrum
1531 4362 1643 4421 pro
1699 4340 1986 4416 custodia
2041 4341 2153 4400 illa
2205 4340 2485 4419 plenarie
2544 4341 2671 4401 sint
2717 4343 2941 4413 solute,
2987 4342 3193 4403 dictas

731 4450 1174 4512 nichilominus
1216 4447 1530 4509 sexdecim
1576 4466 1820 4507 marcas
1864 4465 2110 4507 annuas
2154 4465 2193 4506 a
2233 4447 2404 4507 dicto
2447 4447 2717 4525 septimo
2760 4448 2861 4508 die
2902 4448 2943 4509 J
2948 4449 3076 4520 ulii,
3114 4468 3191 4509 ac

731 4558 784 4618 si
827 4557 1177 4615 manerium
1220 4552 1375 4612 illud
1415 4552 1480 4611 in
1525 4552 1750 4611 ultima
1791 4552 1901 4611 illa
1943 4550 2345 4611 concessione
2389 4556 2607 4610 nostra
2650 4557 3019 4612 contentum
3064 4572 3191 4613 non

853 4690 1036 4731 l—This
1061 4692 1215 4735 entry.
1234 4687 1412 4733 though
1432 4685 1482 4727 of
1507 4698 1536 4727 a
1555 4687 1677 4727 rater
1694 4686 1805 4727 date
1832 4688 1951 4727 than
1970 4688 2052 4726 the
2075 4686 2295 4732 Bishop's
2317 4685 2546 4731 Resistet.
2567 4697 2669 4727 was
2688 4688 2969 4733 apparently
2988 4686 3195 4728 inserted

723 4747 776 4784 to
801 4741 1030 4788 complete
1058 4740 1138 4779 the
1167 4739 1349 4784 history
1376 4736 1425 4777 of
1451 4738 1532 4777 the
1561 4738 1729 4777 Manor
1753 4736 1803 4777 of
1833 4737 2017 4782 Earley.
2042 4738 2131 4776 For
2154 4746 2285 4776 some
2312 4736 2427 4775 time
2454 4734 2581 4776 after
2606 4737 2899 4785 Cantilupe's
2925 4738 3069 4777 death
3096 4738 3201 4778 thia

723 4796 882 4834 estate
927 4788 1164 4831 remained
1194 4789 1240 4828 in
1283 4790 1366 4828 the
1394 4787 1546 4827 hands
1589 4786 1638 4827 of
1683 4787 1756 4826 his
1783 4792 2050 4831 executors.
2078 4787 2185 4826 who
2214 4785 2319 4832 naid
2358 4797 2473 4826 over
2500 4787 2581 4825 the
2618 4786 2841 4833 proceeds
2868 4792 2919 4827 to
2947 4788 3021 4827 his
3048 4787 3196 4829 sister

723 4843 930 4883 duliana.
987 4838 1223 4881 Swinfield
1253 4838 1368 4878 used
1395 4838 1432 4877 it
1459 4848 1516 4877 as
1543 4848 1572 4877 a
1600 4836 1780 4882 halting
1801 4838 1931 4883 place
1956 4848 2019 4876 on
2047 4835 2121 4876 his
2139 4848 2245 4881 way
2272 4840 2323 4877 to
2352 4835 2557 4883 London.
2586 4847 2642 4877 as
2660 4837 2911 4884 Cantilune
2937 4838 3032 4877 had
3058 4838 3192 4883 done.

724 4893 818 4934 and
845 4890 951 4932 held
985 4889 1293 4932 ordinatione
1321 4888 1366 4927 in
1392 4888 1476 4928 the
1502 4888 1676 4934 Chapel
1703 4885 1752 4927 of
1778 4889 1861 4928 the
1888 4888 2056 4927 Manor
2085 4887 2261 4926 House.
