3619 5868
1167 514 1465 595 Episcopi
1518 515 1591 573 H
1586 516 1999 595 erefordensis.
2733 520 2811 580 17

356 740 1000 803 Oct.16.-Mandate
1043 748 1101 801 to
1146 740 1244 801 the
1285 741 1613 804 Sem-schal
1653 747 1711 801 ιο
1753 760 1963 801 excuse
2006 740 2103 801 the
2142 742 2501 802 attendance
2540 741 2610 822 of
2645 742 2813 801 John

599 822 652 883 le
693 821 931 882 Parker
971 827 1039 883 αι
1089 822 1186 883 the
1233 822 1460 882 Manor
1503 824 1723 886 Gourts
1765 822 1835 903 of
1870 822 2215 900 Bromyard
2257 822 2360 883 till
2399 823 2641 893 Easter,
2683 822 2812 883 and

601 910 659 964 ιο
705 903 784 964 let
840 902 970 963 him
1012 902 1163 963 have
1191 902 1316 981 five
1363 902 1529 978 oaks,
1573 903 1636 975 if
1671 902 1808 981 they
1850 922 2000 963 were
2039 902 2218 981 qive‘n
2259 903 2405 974 hvm,
2448 924 2518 964 as
2560 903 2808 982 alkqed,

599 984 676 1063 by
719 983 954 1064 Bishop
997 983 1182 1056 John,
1224 983 1352 1044 and
1391 1003 1497 1047 are
1537 984 1788 1062 already
1819 983 2029 1063 selled

518 1128 623 1188 Dm
666 1127 706 1189 J
711 1145 973 1188 ommim
1029 1145 1113 1186 mc
1170 1126 1840 1197 Pinna—Thomas,
1886 1132 2027 1197 etc„
2072 1127 2373 1205 magistro
2413 1126 2691 1186 Johanni
2731 1125 2810 1185 de

349 1234 733 1305 Brsdeham,
778 1233 1138 1294 Senescallo
1176 1252 1310 1304 sue,
1351 1233 1625 1312 graciam
1664 1240 1726 1293 et
1766 1232 2287 1293 benediccionem.
2326 1250 2331 1255 ·
2394 1232 2556 1308 Quia
2600 1232 2677 1293 ad
2719 1233 2812 1291 in-

353 1341 664 1401 stanciam
730 1339 1101 1399 dilectorum
1157 1338 1449 1411 filiorum,
1508 1342 1945 1418 magistrorum
2006 1339 2079 1398 A.
2136 1338 2214 1399 de
2279 1338 2517 1417 Fileby,
2579 1338 2666 1399 H.
2732 1337 2810 1398 de

351 1443 682 1513 Neuwerc,
741 1452 806 1503 et
874 1442 1111 1502 domini
1168 1442 1267 1503 W.
1329 1442 1406 1503 de
1475 1443 1834 1521 Bydmarle,
1894 1442 2350 1504 Canonicorum
2421 1444 2808 1516 Herefordie‚

351 1550 778 1610 relaxavimus
835 1548 1065 1609 dilecto
1119 1548 1250 1609 filio
1305 1548 1584 1609 Johanni
1638 1550 1695 1609 le
1764 1549 2003 1609 Perker
2072 1556 2309 1609 sectam
2368 1568 2560 1629 quam
2630 1548 2810 1609 nobis

353 1655 542 1716 debet
583 1654 664 1715 ad
711 1654 964 1715 Curiam
1007 1662 1291 1715 nostram
1333 1654 1411 1714 de
1459 1654 1812 1733 Bromyard
1854 1674 2053 1733 usque
2096 1654 2175 1715 ad
2217 1655 2501 1733 proximo
2544 1672 2812 1733 sequens

353 1761 578 1832 Pasce,
624 1760 801 1822 vobis
848 1759 1226 1820 mandemus
1275 1760 1574 1838 quatinus
1620 1760 1861 1820 dictum
1902 1759 2261 1821 Johannem
2306 1760 2383 1819 de
2424 1760 2594 1820 dicta
2637 1765 2812 1819 secta.

349 1870 638 1949 quietum
690 1887 828 1929 esse
877 1865 1124 1927 faciatis
1181 1885 1380 1945 usque
1435 1866 1518 1927 ad
1575 1865 1910 1925 terminum
1964 1864 2417 1944 supradictum.
2518 1864 2605 1924 Et
2660 1864 2811 1944 quis.

347 1974 782 2035 intelleximus
844 1975 1009 2054 quod
1067 1971 1229 2035 bone
1292 1972 1589 2033 memorie
1651 1970 1963 2031 Dominus
2012 1972 2051 2031 J
2056 1971 2357 2043 ohannes,
2410 1971 2814 2049 predecessor

348 2086 586 2152 noster,
637 2080 808 2140 dicto
854 2081 893 2140 J
899 2080 1134 2140 ohsnni
1193 2079 1453 2139 donavit
1504 2083 1646 2137 octo
1701 2096 1970 2157 quercus
2019 2078 2171 2137 dum
2219 2078 2453 2138 viveret
2504 2079 2570 2137 in
2622 2078 2811 2139 bosco

349 2193 566 2247 nostro
609 2186 687 2247 de
730 2186 1100 2265 Bromyard,
1132 2205 1396 2266 quarum
1439 2183 1714 2263 quinque
1755 2190 1905 2244 sunt
1947 2189 2279 2263 prostrate,
2310 2189 2381 2244 ut
2425 2184 2596 2255 dicit,
2633 2183 2813 2245 vobis
2902 2245 2909 2252 ,

348 2292 726 2353 mandamus
769 2292 1088 2372 quatinus,
1120 2292 1173 2352 si
1216 2310 1326 2370 per
1366 2289 1583 2350 fideles
1625 2295 1877 2349 nostros
1914 2288 2030 2349 hec
2063 2289 2429 2351 inveneritis
2467 2310 2614 2351 vers.
2651 2309 2811 2359 esse,

349 2398 559 2459 dictas
602 2399 876 2479 quinque
918 2417 1203 2477 quemue,
1249 2397 1413 2457 sicut
1453 2401 1768 2473 prostrate
1812 2402 1981 2467 sunt,
2018 2396 2219 2456 eidem
2260 2396 2298 2457 J
2304 2396 2541 2457 ohanni
2583 2396 2814 2458 habere

347 2504 616 2566 faciatis,
701 2504 940 2565 Datum
982 2502 1350 2573 Londoniis,
1383 2501 1507 2579 xvij
1555 2500 1880 2562 Kalendas
1924 2501 2317 2573 Novembris,
2349 2522 2517 2563 anno
2563 2502 2813 2562 Domini

347 2610 786 2672 M⁰GC⁰LXX0
824 2611 1067 2689 quinte.

349 2814 480 2877 Oct.
539 2814 1094 2876 17.—Institution
1151 2823 1208 2875 ιο
1265 2815 1363 2876 the
1427 2814 1717 2893 Vicaraye
1783 2814 1855 2895 of
1902 2814 2254 2893 Aymestrey
2311 2814 2383 2893 of
2433 2814 2693 2875 Thomas
2748 2814 2820 2893 of

587 2896 986 2969 Leominster,
1021 2896 1340 2977 presented
1397 2895 1472 2976 by
1516 2896 1613 2958 the
1661 2895 1854 2958 Abbot
1895 2895 2022 2957 and
2066 2895 2333 2958 convent
2373 2894 2443 2976 of
2485 2894 2800 2974 Wiqmore.

590 2978 890 3039 Mandata
933 2985 992 3039 ιο
1035 2979 1133 3040 the
1178 2977 1419 3056 Official
1459 2984 1517 3039 ιο
1559 2977 1793 3038 induet.

507 3121 890 3181 Insn‘moxo
931 3120 1207 3182 mem
1257 3138 1346 3180 mc
1395 3118 2331 3191 Avnuounns‘mm.—Thoma8,
2378 3123 2521 3190 ete,
2564 3118 2805 3179 'rhome

343 3224 424 3286 de
482 3225 914 3297 Lemenestre,
975 3223 1341 3304 presbiterO,
1402 3223 1694 3295 salutem,
1745 3231 1865 3284 etc.
1966 3223 2065 3283 Ad
2117 3222 2655 3302 presentecionem
2712 3242 2809 3283 re-

339 3331 705 3410 ligiosorum
754 3331 1050 3402 virorum,
1094 3329 1358 3390 Abbatis
1411 3339 1475 3390 et
1527 3329 1894 3390 Conventus
1950 3330 2027 3390 de
2077 3328 2470 3406 Wygemore,
2516 3348 2805 3390 verorum

331 3443 748 3516 patronorum
790 3435 1018 3497 vicarie
1061 3434 1320 3496 ecclesie
1362 3435 1440 3496 de
1486 3435 1987 3513 Aylmondestre‚
2033 3439 2098 3495 te
2136 3433 2219 3494 ad
2262 3435 2465 3513 ipsam
2506 3435 2805 3495 vicariam

335 3541 741 3604 admittimus
784 3548 849 3602 et
891 3541 1192 3602 canonice
1247 3540 1636 3602 instituimus
1691 3541 1757 3600 in
1807 3540 2052 3611 eadem,
2098 3559 2171 3601 ac
2212 3539 2290 3600 de
2332 3540 2469 3618 ipsa.
2508 3560 2621 3618 per
2660 3559 2803 3601 nos-

337 3651 513 3708 trum
572 3645 833 3706 anulum
888 3645 1280 3706 investimus.
1381 3644 1461 3704 In
1517 3645 1718 3723 cujus,
1769 3650 1890 3706 etc.
1996 3644 2237 3705 Datum
2287 3645 2653 3718 Londoniis,
2697 3648 2799 3727 xvj

333 3751 668 3813 Kalendas
711 3751 1106 3822 Novembris,
1153 3769 1321 3811 enno
1363 3750 1622 3810 Domini
1665 3750 2099 3811 M⁰GC⁰LXX⁰
2139 3751 2381 3830 quinto.

504 3857 884 3918 Mandatum
952 3863 1050 3916 est
1119 3855 1386 3916 officiali
1455 3855 1909 3916 Herefordensi
1990 3856 2158 3936 quod
2234 3854 2494 3916 inducat
2563 3855 2803 3918 dictum

335 3966 650 4027 'I'homsm
705 3964 775 4025 in
831 3965 1216 4044 corporalem
1273 3965 1736 4043 possessionem
1791 3964 2070 4043 predicte
2124 3963 2374 4026 vicarie.

341 4172 474 4234 Oct.
534 4170 1016 4233 18.—Mandate
1075 4178 1133 4230 ιο
1195 4170 1292 4231 the
1352 4170 1564 4250 bailiff
1613 4172 1683 4251 os
1734 4171 2038 4251 Herejord
2097 4177 2204 4232 not
2262 4177 2321 4232 ιο
2376 4170 2653 4232 distrain
2696 4173 2808 4252 sor

585 4272 828 4314 arrears
871 4253 941 4332 os
972 4258 1108 4312 rent
1147 4250 1266 4312 duc
1294 4252 1466 4332 from
1507 4251 1674 4313 John
1712 4251 1788 4313 de
1832 4252 2117 4331 Gaytone.

501 4399 608 4458 Dr.
641 4398 679 4459 J
685 4415 946 4460 OHANNB
980 4415 1066 4457 mr
1105 4397 1428 4459 Curcum.
1433 4397 1891 4458 —Msndatum
1942 4404 2039 4458 est
2081 4396 2309 4458 ballivo
2354 4395 2804 4460 Herefordensi

334 4507 502 4587 quod
569 4505 810 4565 nullam
873 4504 1064 4565 faciat
1129 4503 1591 4566 districcionem
1657 4523 1847 4584 super
1916 4504 2240 4564 dominum
2303 4502 2343 4564 J
2346 4501 2656 4563 ohannem
2723 4503 2803 4564 de

337 4613 625 4692 Gaytone
683 4611 932 4670 racione
989 4609 1272 4670 redditus
1335 4629 1446 4688 per
1503 4609 1709 4688 ipsum
1770 4609 1966 4670 debiti
2022 4609 2099 4670 de
2152 4615 2433 4688 tempore
2488 4607 2526 4668 J
2532 4607 2803 4669 ohannis

335 4719 664 4798 Episcopi,
709 4736 824 4777 nec
865 4734 980 4794 pro
1020 4733 1094 4777 eo
1143 4715 1252 4796 qui
1295 4736 1333 4776 a.
1378 4720 1548 4776 retro
1598 4721 1695 4776 est
1739 4715 1819 4776 de
1862 4724 2141 4795 tempore
2182 4713 2404 4774 ultime
2446 4713 2805 4774 vacacionis

343 4824 766 4903 Episcopatus
803 4821 1304 4893 Herefordensis,
1335 4828 1400 4882 et
1433 4821 1602 4902 quod
1640 4821 2017 4901 peticionem
2059 4820 2344 4882 redditus
2385 4839 2571 4901 quem
2616 4818 2803 4880 debet

346 4930 622 4992 Domino
685 4929 763 4989 de
825 4935 1106 5008 tempore
1164 4947 1278 4989 suo
1341 4936 1538 5007 ponat
1607 4928 1673 4988 in
1735 4933 2092 5008 respectum
2154 4947 2352 5008 usque
2420 4926 2502 4987 ad
2570 4925 2630 4987 N
2635 4925 2803 4987 atele
