3619 5868
1206 520 1505 599 Episcopi
1561 519 1634 578 H
1629 519 2043 598 erc-fordensis.
2738 519 2857 579 231

385 767 532 829 Jan.
595 773 694 828 20.
697 768 860 827 —In
911 787 1261 846 pursuavwe
1315 768 1387 847 of
1441 789 1482 828 a
1525 767 1696 827 letter
1744 768 1917 847 fro-m
1973 766 2070 827 the
2124 767 2339 859 Pope’s
2396 767 2843 844 Penitentiary‚

627 849 853 910 Robert
893 849 966 910 de
1010 850 1200 928 Sapy,
1243 849 1314 928 of
1348 849 1446 908 the
1486 848 1715 909 diocese
1758 849 1828 927 of
1862 847 2181 940 Hereford,
2225 848 2281 908 is
2322 848 2580 926 qranted
2629 868 2670 907 a
2718 848 2846 908 dis-

619 929 950 1009 pensation
1002 930 1173 1009 from
1239 929 1638 1008 irreqularzty
1701 928 1772 988 in
1838 929 2139 1007 receiving
2211 928 2309 990 the
2384 928 2575 990 Order
2615 929 2685 1007 of
2750 929 2848 988 the

627 1010 990 1072 Priesthood
1025 1011 1196 1089 from
1245 1010 1344 1071 the
1397 1009 1632 1088 Bishop
1681 1011 1751 1090 os
1799 1010 2144 1082 Worcester,
2186 1009 2390 1071 which
2433 1010 2503 1070 he
2554 1010 2664 1070 has
2708 1029 2847 1070 con-

626 1092 822 1165 fessed
863 1099 930 1152 at
971 1092 1179 1152 Rome.

548 1250 682 1309 Pno
739 1249 1050 1309 Rossnn‘ro
1106 1267 1192 1308 Da
1255 1249 1436 1320 SAPY,
1481 1266 1903 1320 Pnnsmrnno,
1950 1267 2036 1309 DE·
2088 1267 2597 1310 mspmnsmmmt
2642 1267 2855 1310 summ

381 1353 1418 1414 IRRnGunAm‘rA'rm.—Venerabili
1460 1353 1525 1413 in
1570 1353 1825 1414 Christo
1869 1354 2043 1414 Patri
2103 1354 2389 1433 [Thome]
2414 1401 2429 1424 ,
2484 1354 2603 1414 Dei
2644 1356 2856 1432 gracia.

381 1461 698 1540 Episcopo
771 1459 1239 1532 Hereiordensi,
1313 1460 1507 1520 frater
1577 1459 1922 1529 Gilbertus,
1992 1457 2246 1518 Domini
2317 1459 2490 1538 Pape
2555 1459 2851 1519 Peniten-

383 1567 632 1637 ciat-ius,
695 1565 965 1624 salutem
1019 1564 1086 1624 in
1148 1565 1438 1624 Domin0.
1540 1564 1855 1625 Robertus
1912 1565 1989 1624 de
2049 1565 2219 1643 Sapi,
2268 1565 2595 1643 presbiter,
2651 1570 2856 1626 vestre

384 1671 668 1741 diocesis,
727 1661 892 1730 lator
946 1670 1360 1748 presencium,
1423 1689 1538 1730 sua
1594 1668 1776 1730 nobis
1833 1670 2226 1731 confessione
2272 1671 2644 1731 monstravit
2687 1671 2856 1749 quod

383 1779 516 1857 ipse
573 1777 743 1847 olim,
801 1775 905 1852 qui
957 1777 1233 1835 existens
1288 1776 1590 1836 diaconus
1647 1777 1711 1835 in
1759 1776 2197 1854 Wygorniensi
2250 1775 2482 1836 diocesi
2539 1777 2854 1838 diutinam

383 1902 623 1944 moram
679 1888 981 1952 traxerat,
1043 1889 1251 1941 vestra
1306 1882 1570 1941 licencia
1626 1901 1754 1942 non
1812 1889 2073 1960 optenta
2129 1902 2197 1942 se
2252 1881 2399 1942 fecit
2456 1882 2689 1942 ibidem
2739 1902 2852 1960 per

383 1987 820 2050 Venerabilern
887 1987 1162 2058 Patrem,
1229 1986 1744 2065 Wygorniensem
1798 1988 2205 2067 Episcopum,
2266 1988 2346 2048 ad
2401 1989 2854 2066 presbiteratus

381 2094 682 2156 Ordinem
724 2093 1105 2172 promoveri;
1151 2095 1269 2153 rite
1312 2101 1526 2154 tamen
1571 2094 1726 2154 alias
1769 2095 2031 2154 statutis
2075 2114 2113 2153 a
2152 2093 2291 2172 jure
2332 2095 2741 2172 temporibus.
2786 2103 2851 2155 et

381 2201 618 2280 absque
682 2200 838 2260 vicio
898 2199 1182 2259 simonie.
1285 2199 1372 2259 Et
1435 2219 1510 2258 ex
1571 2201 1690 2260 hoc
1755 2201 1954 2260 teneri
2019 2220 2147 2259 non
2206 2200 2487 2271 credens,
2547 2207 2848 2280 tanquam
2909 2196 2915 2203 ’

380 2306 645 2385 simplex
696 2321 759 2366 et
808 2305 966 2384 juris
1015 2306 1289 2382 ignarus,
1337 2306 1537 2365 eciam
1582 2313 1726 2384 post
1768 2319 2048 2365 vestram
2108 2305 2553 2365 inhibicionem
2613 2305 2852 2368 factam

379 2413 644 2492 simplici
687 2413 874 2472 verbo
925 2419 1198 2482 tanturn,
1253 2432 1381 2471 non
1432 2420 1647 2473 tamen
1697 2414 1762 2473 in
1814 2421 2249 2491 contemptum
2299 2411 2594 2484 clavium,
2641 2413 2705 2472 in
2763 2412 2854 2474 sic

379 2525 674 2596 suscepto
717 2518 952 2579 Ordine
1002 2517 1246 2577 diucius
1297 2517 1698 2590 ministravit,
1745 2525 1808 2578 et
1859 2517 2018 2578 alias
2067 2517 2409 2578 immiscuit
2462 2537 2529 2578 se
2579 2518 2844 2590 divinis;

377 2644 566 2703 super
619 2624 846 2703 quibus
905 2624 1132 2685 Sedem
1194 2624 1613 2702 Apostolicam
1663 2624 1883 2684 adiens
1936 2624 2308 2702 supplicavit
2360 2623 2681 2685 humiliter
2728 2625 2849 2686 sibi

376 2728 859 2788 misericorditer
921 2726 1253 2805 provideri.
1362 2726 1459 2786 Ad
1523 2746 1632 2788 vos
1696 2727 1887 2805 igitur
1946 2727 2362 2805 presbiterum
2426 2729 2845 2800 remittentes,

375 2834 643 2895 eundem
702 2832 1080 2893 Paternitati
1138 2841 1344 2893 vestre
1401 2834 1776 2893 auctoritate
1837 2833 2093 2892 Domini
2152 2833 2324 2910 Pape
2365 2834 2842 2906 committimus,

375 2939 542 3019 quod
586 2939 636 2998 si
681 2946 778 2999 est
819 2939 930 3010 ita,
977 2944 1040 2998 et
1089 2939 1153 2996 in
1205 2939 1364 2997 tales
1411 2949 1562 2997 ante
1627 2938 1716 2998 sic
1766 2940 2044 3017 suscepti
2102 2938 2357 3000 Ordinis
2416 2942 2844 3019 recepcionem

373 3064 503 3104 non
564 3044 684 3104 fuit
747 3044 1421 3103 excommunicacionis
1478 3045 1802 3105 sentencia
1857 3043 2291 3123 promulgata;
2356 3045 2645 3123 injuncta
2704 3046 2842 3119 sibi,

373 3148 586 3209 debita
645 3148 1045 3208 absolucione
1105 3147 1338 3226 previa,
1399 3148 1759 3226 penitencia
1829 3149 2112 3222 salutari,
2175 3168 2373 3229 eoque
2420 3151 2498 3209 ad
2571 3158 2841 3231 tempus,

371 3254 555 3333 juxta
598 3265 804 3315 vestre
860 3253 1260 3314 discrecionis
1318 3254 1665 3325 arbitrium,
1725 3275 1764 3315 a
1822 3256 1910 3315 sic
1974 3256 2250 3335 suscepti
2309 3256 2563 3318 Ordinis
2619 3278 2843 3319 execu-

373 3359 550 3420 cione
607 3379 932 3437 suspensO,
997 3378 1185 3437 super
1236 3359 1433 3437 ipsius
1503 3360 1756 3420 Ordinis
1815 3360 2189 3421 execucione
2252 3368 2315 3421 et
2384 3362 2846 3441 irregularitate

373 3482 450 3524 ex
512 3465 836 3544 premissis
899 3470 1226 3525 contracta
1290 3485 1502 3525 secum
1567 3467 1948 3527 auctoritate
2012 3468 2293 3545 predicta
2360 3469 2843 3530 misericorditer

372 3572 768 3649 dispensetis,
828 3581 1012 3649 prout
1071 3571 1417 3631 secundum
1489 3573 1694 3632 Deum
1766 3573 1975 3632 anime
2038 3573 2234 3652 ipsius
2299 3574 2490 3634 saluti
2554 3574 2846 3654 expedire

372 3677 682 3748 videritis;
736 3676 1077 3736 dummodo
1126 3678 1284 3737 alias
1335 3678 1452 3737 sibi
1495 3678 1723 3737 merita
1765 3678 2203 3757 suffragentur,
2250 3680 2542 3760 aliudque
2585 3682 2838 3741 canoni·

372 3804 518 3845 cum
573 3804 700 3843 non
759 3783 1049 3844 obsistat.
1154 3784 1392 3844 Datum
1452 3785 1650 3845 Rome
1706 3786 1876 3864 apud
1923 3786 2223 3846 Sanctum
2284 3787 2561 3858 Petrum,
2624 3787 2842 3849 Idibus

373 3889 766 3959 Novembris,
807 3889 1222 3949 Pontificatus
1257 3890 1514 3950 Domini
1549 3889 1841 3951 Nicholai
1883 3891 2054 3968 Pape
2094 3891 2296 3950 Tercii
2338 3910 2505 3951 anno
2544 3892 2842 3964 secundo,

369 3994 664 4065 Thomas,
731 4005 874 4066 etc„
937 3994 1212 4054 Roberto
1282 3994 1358 4055 de
1433 3995 1621 4073 Sapy,
1695 3994 2061 4073 presbiter0,
2138 3996 2427 4067 salutem,
2500 4003 2621 4057 etc.
2749 3998 2842 4061 Ut

369 4102 810 4162 execucionem
894 4101 1151 4162 Ordinis
1234 4102 1708 4180 presbiteratus,
1789 4122 1977 4182 quem
2064 4122 2102 4163 a
2183 4102 2538 4164 Venerabili
2621 4104 2831 4176 Patre,

371 4207 644 4267 Domino
697 4206 1136 4285 Wygorniensi
1200 4206 1536 4285 Episcopo,
1596 4208 1831 4288 absque
1888 4209 2119 4269 nostris
2175 4208 2402 4269 litteris
2466 4208 2841 4271 dimissoriis

369 4312 722 4390 suscepisti,
781 4312 845 4371 in
921 4322 1244 4389 posterum
1313 4312 1516 4391 possis
1581 4312 1828 4386 habere,
1882 4314 1994 4374 tibi
2041 4314 2423 4374 auctoritate
2475 4316 2836 4393 Apostolica

368 4418 803 4496 indulgemus;
856 4436 982 4477 non
1024 4417 1317 4478 obstante
1365 4418 1824 4496 irregularitate
1866 4438 2055 4498 quam
2105 4420 2441 4491 incurristi,
2488 4420 2553 4479 in
2606 4420 2843 4481 Ordine

371 4524 460 4583 sic
515 4532 828 4602 suscepto,
881 4522 1081 4583 eciam
1141 4542 1178 4582 a
1233 4522 1412 4583 nobis
1472 4524 1797 4595 inhibitus,
1848 4535 2081 4585 temere
2139 4524 2532 4586 celebrando.
2642 4526 2845 4605 Super

369 4651 499 4711 qua
561 4643 771 4692 tecum
819 4631 1260 4709 dispensamus
1311 4631 1690 4691 auctoritate
1745 4632 1925 4692 Sedis
1975 4632 2278 4710 ejusdem.
2385 4633 2623 4693 Datum
2676 4634 2841 4694 Lon-

369 4736 595 4810 doniis,
643 4738 749 4818 xiij
798 4736 1116 4798 Kalendas
1161 4736 1499 4809 Februarii,
1547 4757 1714 4797 anno
1759 4738 2015 4798 Domini
2065 4737 2496 4799 M⁰CG⁰LXX⁰
2538 4758 2723 4801 nono,
