3619 5868
467 3163 564 3203 Fol.
591 3160 663 3201 sb.

747 498 823 557 12
1393 498 1750 577 Reqistrwm
1806 498 2027 560 Thome
2079 499 2154 560 de
2224 497 2555 578 Cantilupo

745 722 928 800 cujus
981 740 1207 801 corpus
1262 722 1328 782 in
1383 722 1523 801 ipsa
1577 723 1843 785 ecclesia
1891 721 2242 801 requiescit,
2286 726 2349 781 et
2390 740 2504 799 pro
2546 719 2877 781 animabus
2926 720 3211 780 omnium

745 828 1027 889 fidelium
1083 827 1523 889 defunctorum
1579 827 1812 889 ibidem
1868 835 1933 888 et
1990 828 2219 906 ubique
2277 826 2343 885 in
2407 826 2659 888 Christo
2719 826 3207 905 quiescencium,

746 936 1103 996 oracionem
1154 934 1554 995 Dominicam
1597 955 1740 995 cum
1787 936 2189 996 Salutacione
2217 934 2420 994 Beate
2451 933 2649 993 Maris
2677 934 2955 1012 Virginis
2982 933 3210 994 devote

748 1042 1039 1111 dixerint,
1064 1040 1284 1119 viginti
1305 1041 1442 1101 dies
1461 1040 1540 1101 de
1560 1040 1776 1102 debita
1797 1040 1917 1101 sibi
1937 1040 2294 1120 penitencia
2322 1039 2805 1101 misericorditer
2830 1041 3211 1101 relaxamus.

747 1148 825 1208 In
855 1148 1037 1226 cujus
1070 1146 1180 1218 rei,
1225 1152 1344 1207 etc.
1454 1147 1692 1211 Datum
1736 1146 1907 1226 apud
1947 1146 2253 1217 Boctona,
2297 1147 2340 1225 ij
2388 1146 2543 1206 Idus
2588 1146 2993 1224 Septembris,
3038 1165 3211 1207 anno

749 1255 1008 1315 Domini
1051 1254 1294 1316 M0GC⁰
1337 1254 1800 1332 septuagesimo
1842 1252 2082 1332 quinto,
2128 1251 2545 1313 Pontificatus
2588 1252 2789 1312 nostri
2831 1252 3051 1331 primo.

747 1536 912 1616 Sept.
969 1534 1587 1614 26.—Appointmnt
1641 1534 1712 1613 of
1758 1534 2008 1595 Bao-dus
2062 1533 2137 1595 de
2190 1533 2385 1595 Podio
2428 1533 2697 1595 Bonis&
2733 1532 2861 1594 and
2916 1533 3221 1595 Edmund

988 1617 1063 1677 de
1111 1616 1444 1696 Warefelde
1486 1636 1554 1676 as
1601 1615 1698 1676 the
1739 1615 2026 1693 Bishop's
2069 1616 2351 1676 Proctors
2396 1614 2467 1675 in
2509 1615 2605 1675 the
2646 1615 2853 1695 Papal
2904 1616 3094 1676 Gourt
3140 1614 3221 1675 in

992 1697 1090 1758 the
1116 1697 1245 1758 suit
1273 1698 1344 1777 of
1363 1697 1542 1757 Peter
1567 1696 1641 1758 de
1667 1697 1977 1775 Lanqone.

909 1866 1883 1929 PRoCURAromuu.-Noverint
1932 1864 2207 1926 universi
2261 1865 2431 1944 quod
2499 1884 2635 1936 noe,
2708 1864 3005 1936 Thomas
3062 1870 3211 1937 ete..

745 1974 1213 2045 constituimus,
1283 1973 1571 2043 facimus,
1649 1980 1710 2032 et
1791 1972 2159 2032 ordinamus
2236 1971 2499 2031 dilectos
2570 1971 2749 2032 nobis
2819 1972 2882 2030 in
2954 1971 3215 2033 Christo

747 2080 1116 2157 magistrum
1158 2079 1442 2140 Bardum
1490 2077 1569 2138 de
1616 2076 1814 2137 Podio
1856 2077 2099 2137 Bonisii
2149 2087 2214 2137 et
2238 2077 2664 2137 'Edmundum
2710 2078 2786 2137 de
2834 2078 3211 2149 Warefelde,

745 2186 1134 2264 conjunctim
1195 2188 1304 2263 [et]
1378 2184 1647 2255 divisim,
1693 2183 1812 2244 sub
1855 2184 2297 2254 alternacione,
2358 2182 2806 2244 Procuratores
2849 2196 3101 2245 nostros
3142 2186 3213 2243 in

746 2312 940 2353 causa
968 2311 1158 2371 quam
1187 2291 1486 2369 magister
1526 2291 1754 2351 Petrus
1797 2289 1877 2350 de
1918 2290 2222 2368 Langone
2264 2296 2473 2351 movet
2515 2296 2737 2351 contra
2770 2309 2887 2350 nos
2926 2291 2989 2349 in
3022 2290 3213 2351 Curia

747 2402 1033 2461 Romana
1087 2420 1274 2479 super
1328 2399 1646 2479 prebenda
1693 2401 1770 2460 de
1828 2400 2131 2459 Prestone
2185 2398 2251 2459 in
2300 2399 2589 2459 Ecclesia
2632 2398 3080 2459 Herefordensi
3123 2399 3205 2459 ad

747 2508 1080 2586 agendum,
1105 2506 1615 2578 defendendum?
1637 2506 2093 2585 excipiendum,
2118 2506 2614 2584 repplicandum,
2645 2505 2819 2566 litem
2851 2512 3207 2566 contestan-

745 2614 919 2684 dum,
978 2615 1042 2672 in
1099 2613 1379 2673 animam
1437 2622 1716 2672 nostram
1773 2612 2114 2690 jurandum
2172 2620 2306 2672 tam
2358 2612 2434 2672 de
2494 2612 2855 2691 calumpnia
2895 2632 3085 2691 quam
3127 2612 3205 2674 de

745 2722 1013 2782 veritate
1042 2720 1326 2792 dicenda,
1359 2719 1720 2797 ponendum
1751 2728 1816 2779 et
1846 2720 2329 2791 articulandum‚
2361 2719 2785 2799 posicionibus
2822 2725 2886 2779 et
2929 2720 3208 2781 articulis

747 2827 1272 2905 respondendum,
1345 2833 1540 2887 testes
1611 2835 1674 2886 et
1755 2828 2179 2887 instrumenta
2246 2826 2739 2904 producendum,
2810 2826 3206 2887 obiciendum

746 2936 1011 2997 crimina
1079 2944 1143 2995 et
1212 2933 1513 3005 deiectus,
1600 2934 2144 3014 interloqutoriam
2214 2941 2277 2994 et
2353 2933 2747 2994 diffinitivam
2822 2933 3211 2995 sentenciam

749 3041 1152 3113 audiendum,
1168 3041 1633 3121 appellandum,
1648 3041 2109 3119 appellaciones
2127 3040 2649 3120 prosequendum,
2672 3049 2735 3101 et
2756 3041 2832 3101 ad
2852 3041 3065 3101 omnia
3082 3041 3209 3102 alia

747 3147 1037 3210 facienda
1092 3167 1212 3227 que
1268 3167 1384 3208 nos
1433 3149 1637 3207 facere
1693 3167 2023 3225 possemus
2080 3148 2133 3208 si
2188 3154 2509 3225 presentes
2552 3167 2850 3208 essemus.
2962 3148 3209 3207 Damus

745 3257 946 3317 eciam
989 3255 1209 3326 isdem,
1253 3255 1352 3314 vel
1395 3254 1576 3314 alteri
1619 3273 1855 3324 eorum,
1902 3254 2237 3331 specialem
2280 3259 2663 3332 potestatem
2703 3255 2896 3313 alium
2926 3252 3024 3313 vel
3054 3253 3212 3313 alios

749 3363 1229 3423 Procuratorem
1288 3381 1399 3421 seu
1449 3362 1897 3422 Procuratores
1953 3361 2397 3431 substituendi,
2455 3361 2669 3421 omnia
2726 3360 3085 3437 supradicta
3142 3361 3211 3420 in

749 3469 939 3530 Curia
959 3473 1329 3540 memorata,
1355 3473 1418 3528 et
1441 3467 1850 3528 substitutum
1872 3487 1983 3528 seu
2013 3467 2410 3538 substitutOS,
2433 3487 2574 3526 eum
2600 3467 2890 3546 expedire
2914 3466 3206 3539 viderint,

748 3577 1120 3648 revocandi;
1167 3583 1375 3637 ratum
1405 3575 1680 3636 habituri
1709 3583 1772 3637 et
1814 3583 2061 3654 gratum
2093 3576 2385 3656 quicquid
2414 3575 2566 3636 dicti
2611 3577 3077 3646 ProcuratoreS,
3110 3575 3212 3635 vel

747 3705 915 3748 unus
958 3704 1194 3755 eorum,
1241 3690 1353 3744 aut
1403 3683 1732 3744 substituti
1776 3703 1888 3744 seu
1930 3684 2313 3744 substitutus
2358 3683 2439 3743 ab
2487 3683 2661 3761 ipsis,
2709 3682 2961 3742 nomine
2992 3688 3209 3742 nostro

749 3793 1011 3854 fecerint
1044 3793 1108 3853 in
1137 3791 1478 3870 premissis,
1511 3790 1602 3850 ita
1631 3790 1798 3870 quod
1839 3809 1963 3870 quo
2006 3791 2087 3850 ad
2117 3790 2317 3850 dictos
2357 3789 2733 3868 principales
2763 3791 3215 3849 Procuratores

750 3905 998 3960 nostros
1041 3918 1169 3958 non
1217 3899 1299 3958 sit
1350 3897 1658 3957 condicio·
1681 3896 1903 3957 melior
1959 3897 2344 3976 occupantis.
2460 3897 2583 3956 Pro
2625 3896 2777 3974 ipsis
2820 3895 3017 3956 eciam
3060 3894 3211 3954 Pro-

751 4005 1145 4068 curatoribus
1174 4010 1238 4066 et
1288 4003 1633 4066 substituto
1682 4022 1793 4063 seu
1840 4003 2205 4064 substitutis
2255 4002 2335 4064 ab
2378 4003 2531 4081 ipsis
2561 4001 2677 4063 sub
2705 4007 2970 4082 ypoteca
3000 4021 3208 4060 rerum

751 4119 1110 4174 nostrarum
1154 4112 1505 4191 judicatum
1549 4109 1706 4171 solvi
1748 4109 2193 4188 promittimus
2282 4109 2360 4168 In
2402 4107 2584 4186 cujus
2627 4109 2735 4180 rei,
2780 4109 2881 4168 aze.
2968 4107 3210 4167 Datum

751 4220 918 4299 apud
950 4219 1384 4298 Schyreburne
1428 4217 1487 4295 vj
1535 4215 1857 4277 Kalendas
1902 4216 2211 4288 Octobris,
2258 4235 2425 4276 anno
2456 4215 2711 4275 Domini
2748 4213 3211 4275 M⁰CC⁰LXX⁰

751 4327 995 4408 quinto.

907 4741 1054 4780 l—He
1086 4739 1296 4780 received
1331 4751 1360 4780 a
1393 4739 1586 4786 pensiori
1618 4737 1740 4778 from
1774 4737 2067 4783 Archbishop
2100 4733 2333 4776 Peckham
2366 4733 2441 4776 for
2471 4734 2560 4775 like
2590 4733 3085 4780 services—‹Register
3118 4735 3217 4778 111..

756 4791 864 4834 1003.
905 4788 1065 4830 Rolls).
1142 4791 1239 4830 The
1277 4790 1418 4830 Bardi
1454 4802 1577 4830 were
1614 4801 1642 4830 a
1676 4789 1780 4829 well
1818 4787 1987 4828 known
2026 4785 2227 4831 banking
2262 4785 2368 4826 firm
2405 4785 2730 4842 at.Florence.
2809 4785 2939 4824 With
2974 4785 3034 4825 de
3062 4783 3216 4824 Podio

752 4839 952 4880 Bonisii
979 4840 1032 4884 cf
1054 4839 1114 4880 cie
1141 4838 1296 4880 Podio
1324 4839 1498 4879 lonieii
1521 4838 1904 4880 (Bronescomb's
1925 4839 2034 4883 Reg.
2054 4837 2146 4878 368)
2165 4835 2256 4876 and
2275 4836 2335 4876 de
2354 4835 2507 4876 Podto
2527 4834 2753 4876 bastonis
2772 4833 2937 4880 (Panal
2968 4835 3016 4874 L.
3048 4835 3083 4874 1.
3112 4831 3216 4876 612).

749 4889 909 4930 Pocliu
917 4903 997 4980 nri
1017 4889 1370 4984 Ρῖἔξίοῖῗαν.

898 4943 972 4980 2-
1001 4951 1029 4978 n
1148 4969 1158 4981 .
1222 4951 1245 4979 e
1285 4969 1294 4978 .

3578 5052 3590 5229 *a
3582 4960 3595 5027 ...ἡ
