3619 5868
531 1740 628 1782 Fol.
661 1743 721 1782 19.

833 546 913 606 56
1248 613 1253 617 ,
1481 546 1839 625 Reqistrum
1896 548 2113 609 Thomc
2168 549 2240 609 de
2314 548 2643 627 Cantilupo

837 770 1066 832 Sancte
1107 773 1437 834 Trinitatis
1477 774 1543 833 in
1586 794 1665 834 xv
1707 774 1861 846 dies,
1906 774 2261 855 ubicunque
2303 781 2456 836 tuno
2508 794 2789 837 essemus
2829 773 2893 834 in
2936 774 3180 854 Anglia,
3224 779 3289 834 et

838 898 959 958 que
987 887 1210 958 postea
1237 882 1541 942 remansit
1571 883 1704 941 sine
1734 882 1835 941 die
1876 888 2131 961 propter
2164 882 2632 961 expedicionem
2661 881 2969 941 exercitus
2997 881 3196 940 nostri
3222 881 3291 941 in

835 985 1151 1047 Walliam.
1237 987 1325 1047 Et
1356 987 1589 1049 habeas
1618 988 1704 1049 ibi
1732 988 2291 1049 summonicionem
2321 993 2385 1048 et
2414 989 2531 1048 hoc
2561 987 2764 1048 breve.
2852 987 3041 1047 Teste
3068 992 3187 1047 etc.

834 1242 980 1303 Jan.
1025 1247 1121 1312 15,
1167 1243 1719 1303 1278.—Circular
1763 1242 1933 1302 letter
1982 1249 2039 1302 to
2097 1241 2193 1302 the
2247 1242 2519 1301 Prelates
2555 1241 2726 1320 from
2777 1240 2967 1331 Pope·
2996 1240 3289 1301 Nicholas

1077 1325 1195 1383 ΙΙΙ
1228 1324 1616 1401 announcinq
1657 1323 1753 1383 his
1795 1323 2047 1384 elec-tion
2087 1330 2153 1382 at
2204 1322 2439 1382 Viterbo
2480 1342 2559 1383 on
2600 1322 2665 1381 S.
2713 1321 3088 1381 Cathcrme’s
3128 1321 3287 1398 Day‚

1077 1405 1202 1465 and
1246 1404 1342 1465 his
1384 1405 1722 1465 reluctance
1763 1404 1966 1464 which
2005 1424 2131 1465 was
2179 1403 2508 1463 ovemled.
2632 1401 2731 1461 He
2786 1402 2927 1463 asks
2972 1402 3083 1481 sor
3137 1402 3290 1461 their

1070 1486 1522 1627 {mtyheerslktctmd
1563 1485 1788 1576 desi-res
1843 1485 1975 1545 that
2024 1485 2165 1545 bare
2210 1483 2573 1545 mee-semies
2622 1484 2764 1561 only
2812 1502 2954 1561 may
3005 1483 3073 1543 be
3117 1482 3294 1560 qiven

1103 1587 1136 1627 0
1427 1587 1490 1627 er
1529 1586 1808 1627 camera

1003 1724 1302 1784 Nicolaus
1385 1722 1782 1803 Episcopus,¹
1848 1724 2077 1784 Servus
2163 1724 2495 1785 Servorum
2584 1722 2726 1793 Dei,
2816 1720 3292 1783 Venerabilibus

836 1829 1165 1889 Fratribus
1223 1828 1723 1909 ArchiepiscopO.
1781 1829 2135 1909 Episcopis,
2193 1836 2257 1891 et
2312 1828 2559 1889 dilectis
2613 1827 2759 1888 filiis
2813 1826 3165 1888 Abbatibus
3220 1846 3291 1887 ac

835 1934 976 1995 aliis
1005 1934 1431 1996 Ecclesiarum
1464 1935 1728 1996 Prelatis
1757 1955 1869 2013 per
1912 1935 2430 1997 Cantuariensem
2474 1933 2863 1995 Provinciam
2906 1932 3290 2005 constitutis,

836 2041 1107 2102 salutem
1136 2047 1200 2101 et
1231 2042 1639 2121 apostolicam
1684 2042 2210 2103 benediccionem.
2298 2042 2616 2102 Immense
2645 2040 2956 2101 Dominus
2985 2041 3291 2120 potencie,

835 2148 944 2228 qui
973 2147 1279 2208 mundum
1309 2168 1420 2228 per
1449 2168 1516 2209 se
1545 2148 1845 2219 condidit,
1870 2168 1981 2229 per
2008 2168 2075 2210 se
2104 2150 2283 2227 regit,
2309 2167 2424 2210 nec
2453 2152 2592 2226 eget
2613 2147 3004 2208 extrinsecus
3033 2147 3292 2227 quesitis

834 2254 1084 2315 auxiliis
1113 2255 1190 2315 ad
1214 2255 1574 2334 regendum,
1600 2256 1706 2336 qui
1731 2276 1857 2316 non
1886 2255 2057 2334 eguit
2086 2255 2165 2315 ad
2196 2254 2626 2326 condendum;
2670 2273 2855 2334 quem
2881 2255 3070 2323 enim,
3104 2254 3291 2315 Sacra

841 2360 1166 2438 Scriptura
1211 2366 1507 2431 testante,
1555 2361 1750 2420 alium
1795 2362 2125 2421 constituit
2168 2379 2355 2440 super
2398 2372 2649 2429 terram,
2703 2368 2814 2420 aut
2862 2378 3049 2439 quern
3104 2359 3290 2419 alium

833 2467 1046 2545 posuit
1072 2485 1258 2545 super
1279 2485 1422 2527 eum
1450 2485 1635 2546 quem
1660 2465 2005 2527 fabricatus
2026 2476 2124 2527 est
2146 2466 2399 2527 orbem?
2431 2466 2709 2546 profecto
2730 2465 2973 2528 nullum
2996 2484 3011 2537 ;
3044 2473 3142 2525 set
3162 2465 3291 2545 ipse

837 2573 1010 2633 solus
1059 2572 1378 2651 regiminis
1428 2578 1490 2631 et
1537 2573 2017 2650 gubernacionis
2065 2578 2162 2633 est
2205 2571 2497 2651 princeps
2541 2571 2646 2652 qui
2690 2570 3033 2632 creacionis
3082 2572 3289 2631 extitit

842 2680 1014 2740 solus
1063 2688 1273 2751 actor3
1332 2678 1464 2757 ipse
1506 2679 1756 2757 quidem
1802 2678 2086 2739 Ecclesia
2129 2677 2474 2749 Catholice,
2518 2677 2848 2756 peculiaris
2888 2676 3291 2756 proculdubio

841 2785 1066 2846 domus
1115 2804 1246 2857 sue,
1279 2783 1611 2864 peculiaris
1657 2785 1856 2847 eciam
1902 2784 2197 2856 civitatis,
2230 2784 2401 2845 solus
2444 2782 2767 2844 edificator
2810 2790 2875 2843 et
2916 2789 3171 2855 custos;
3216 2782 3292 2843 ad

834 2891 1016 2971 cujus
1071 2892 1206 2953 sine
1274 2890 1411 2971 ipso
1467 2892 1822 2953 custodiam
1880 2910 1993 2953 seu
2048 2898 2428 2952 structuram
2483 2890 2715 2951 frustra
2770 2890 3137 2951 edificantes
3190 2888 3291 2950 alii

839 2997 1115 3058 laborem
1163 3005 1580 3068 assumerent,
1628 2998 1866 3058 frustra
1910 2998 2200 3059 custodes
2244 2998 2434 3058 ceteri
2478 2997 2825 3077 vigilarent,
2874 3002 3053 3058 tanto
3098 2996 3291 3076 magis

833 3125 975 3166 eam
1026 3105 1317 3184 specialis
1370 3105 1688 3184 regiminis
1737 3111 1800 3165 et
1849 3105 2133 3167 custodie
2178 3125 2329 3166 cura
2371 3105 2771 3186 prosequitur
2804 3111 3043 3185 quanto
3072 3104 3292 3184 majori

834 3210 1269 3289 singularitate
1297 3213 1648 3272 construxit
1667 3231 1683 3283 ;
1730 3211 2037 3293 siquidem
2066 3219 2275 3274 cetera
2304 3211 2491 3272 verbo
2534 3230 2755 3273 creans
2796 3211 2972 3283 dixit,
3017 3215 3083 3270 et
3126 3211 3293 3271 iacta

837 3324 1007 3386 sunt,
1040 3316 1392 3378 Ecclesiam
1425 3337 1567 3378 vero
1611 3337 1736 3377 non
1781 3318 1983 3378 solum
2014 3318 2183 3378 verbi
2214 3318 2614 3397 expressione
2656 3327 2753 3378 set
2794 3323 2859 3378 et
2888 3317 2984 3378 sui
3027 3316 3290 3394 preciosi

839 3422 1161 3501 sanguinis
1189 3423 1491 3484 effusione
1520 3424 1805 3485 fundavit
1828 3443 1842 3495 ;
1890 3423 1971 3484 ad
1998 3423 2189 3502 huJ'us
2218 3430 2430 3484 autem
2466 3424 2876 3502 specialitatis
2903 3423 3291 3485 evidenciam

837 3528 1160 3607 discipulis
1209 3529 1360 3598 suis,
1417 3549 1574 3610 quos
1630 3529 1913 3609 ejusdem
1971 3529 2253 3590 Ecclesie
2295 3531 2444 3609 jecit
2492 3531 2677 3591 velud
2722 3530 3021 3609 precipua
3069 3529 3286 3590 funda-

837 3640 1075 3706 menta,
1107 3635 1264 3713 Ego,
1294 3635 1604 3715 inquiens,
1634 3636 1955 3696 vobiscum
1992 3655 2131 3696 sum
2163 3654 2360 3715 usque
2390 3636 2469 3697 ad
2498 3636 3045 3697 consumacionem
3076 3635 3286 3706 seculi,

838 3759 950 3802 sue
997 3741 1244 3802 virtutis
1290 3741 1690 3803 asistenciam
1737 3742 2127 3821 repromisit;
2171 3749 2235 3803 et
2262 3743 2383 3821 ipsi
2428 3741 2711 3803 Ecclesie
2754 3742 2819 3802 in
2864 3742 3288 3820 apostolorum

832 3845 1133 3926 principe,
1206 3847 1307 3907 cui
1377 3847 1678 3926 cujusque
1747 3848 2214 3909 successoribus
2269 3849 2583 3910 commisit
2638 3849 2919 3928 ejusdem
2974 3848 3289 3928 regiminis

835 3954 1156 4026 vicariam,
1189 3954 1299 4026 ait,
1341 3954 1478 4032 Ego
1520 3972 1632 4032 pro
1671 3959 1730 4014 te
1761 3954 1994 4034 rogavi,
2028 3955 2233 4026 Petre,
2266 3975 2345 4015 ne
2373 3955 2623 4016 deficiat
2653 3954 2808 4015 fides
2836 3961 2981 4026 tua;
3026 3953 3287 4015 eandem

834 4060 1090 4139 insuper
1143 4059 1440 4120 vicariam
1499 4059 1588 4119 sic
1644 4078 1782 4120 esse
1839 4060 2036 4121 voluit
2093 4060 2618 4122 vicissitudinarie
2674 4060 3087 4121 successionis
3149 4079 3289 4120 con·

833 4165 1192 4226 tinuacione
1237 4170 1625 4244 perpetuam,
1658 4173 1748 4238 ut,
1779 4186 2161 4248 quamquam
2205 4167 2323 4247 ipsi
2363 4167 2599 4239 vicarii,
2631 4187 2707 4227 ex
2748 4167 3024 4227 humane
3062 4165 3289 4245 fragili·

837 4273 992 4332 tatis
1048 4271 1411 4333 condicione
1467 4272 1586 4350 legi
1655 4272 2064 4334 mortalitatis
2134 4272 2385 4344 addicti,
2443 4271 2570 4333 vite
2638 4273 2947 4351 presentie
3003 4291 3293 4332 occasum

837 4376 1100 4455 imperio
1140 4377 1362 4438 mortis
1404 4377 1816 4450 incurrerent,
1860 4380 2067 4456 ipsum
2110 4385 2323 4440 tamen
2364 4377 2702 4439 vicariatus
2734 4377 3025 4449 officium,
3065 4376 3291 4438 substi-

835 4483 1211 4544 tuendorum
1280 4485 1539 4555 vicibus,
1618 4485 1994 4555 immortale,
2068 4491 2436 4564 perpetuum
2513 4487 2884 4543 remaneret.
3024 4481 3295 4543 Proinde

838 4588 1122 4668 sepefata
1195 4589 1400 4650 Mater
1489 4590 1777 4652 Ecclesia
1864 4590 2201 4662 interdum,
2294 4589 2432 4650 utili
2524 4588 2906 4668 desponsata
2988 4587 3291 4668 pontifici,

842 4693 1234 4773 nupcialibus
1263 4704 1488 4756 ornata
1517 4695 1876 4767 monilibus,
1908 4695 2025 4756 sub
2054 4697 2268 4775 sponsi
2311 4697 2407 4756 sui
2442 4695 2695 4768 ducatu,
2726 4696 3009 4776 ejusdem
3035 4695 3292 4757 rectoris

841 4801 1013 4862 omni
1070 4801 1374 4880 dirigente
1413 4802 1742 4880 potencia,
1795 4802 1925 4862 leta
1972 4801 2320 4872 deducitur,
2372 4800 2689 4862 interdum
2732 4821 2879 4863 vero
2920 4801 2985 4860 in
3027 4801 3291 4880 pastoris

984 4936 1168 4978 l—This
1196 4937 1337 4978 letter
1363 4935 1413 4977 of
1441 4937 1663 4978 Nicholas
1692 4939 1776 4982 111.
1805 4938 1924 4979 with
1950 4951 1979 4980 a
2005 4937 2227 4980 different
2252 4938 2421 4986 ending
2458 4951 2514 4980 as
2544 4938 2799 4982 addressed
2833 4942 2886 4980 to
2922 4939 3041 4986 King
3078 4937 3293 4984 Edward,

836 4987 876 5029 is
903 4991 954 5029 to
983 4989 1036 5028 be
1063 4986 1208 5028 found
1237 4987 1284 5026 in
1314 4983 1577 5034 ‘'Rymer.··
1603 4990 1819 5035 danum-y
1849 4991 1908 5035 15,
1939 4991 2049 5031 1278.
