3619 5868
1233 497 1534 578 Episcopi
1587 497 2069 576 Hercsordensis.
2667 590 2670 592 ‚
2803 503 2883 564 97

410 723 788 784 Herefordie
829 730 895 783 et
935 723 1002 782 in
1046 722 1326 782 manerio
1368 722 1447 782 de
1489 721 1820 800 Ledebury
1867 722 2075 782 North
2117 723 2183 781 in
2229 722 2547 784 Comitatu
2594 723 2879 802 Salopes·

407 828 610 900 burie,
679 835 744 888 et
811 829 878 889 in
949 829 1244 890 maneriis
1313 828 1390 889 de
1468 826 1843 888 Prestebure
1914 834 1975 888 et
2045 828 2122 888 de
2198 828 2747 908 Sevenhamptone
2817 831 2882 889 in

413 934 738 996 Comitatu
785 935 1214 1006 Gloucestri03
1279 934 1370 994 ita
1423 933 1588 1013 quod
1641 933 1853 994 nullus
1905 953 2222 994 warrenas
2268 933 2412 994 illas
2461 934 2876 996 maneriorum

413 1040 838 1119 predictorum
897 1041 1136 1100 intrare
1194 1040 1394 1119 possit
1449 1040 1528 1100 ad
1585 1039 1925 1118 fugandum
1984 1041 2047 1099 in
2104 1040 2193 1101 eis
2236 1040 2334 1102 vel
2386 1041 2619 1121 aliquid
2675 1043 2741 1102 in
2790 1041 2883 1101 eis

411 1145 808 1224 capiendum,
856 1145 991 1206 sine
1034 1146 1358 1206 voluntate
1399 1145 1598 1224 ipsius
1657 1144 1953 1224 Episcopi
2010 1152 2074 1205 et
2135 1163 2565 1206 successorum
2625 1167 2880 1208 suorum

409 1269 600 1330 super
659 1251 1124 1312 forisfacturam
1185 1257 1464 1312 nostram
1523 1251 1740 1311 decem
1799 1250 2118 1310 librarum.
2234 1249 2441 1326 Quare
2484 1252 2774 1313 volumus
2815 1259 2879 1314 et

409 1356 674 1416 firmiter
738 1357 1138 1436 precipimus,
1209 1376 1322 1436 pro
1393 1355 1574 1416 nobis
1645 1361 1708 1416 et
1771 1355 2105 1416 heredibus
2174 1358 2423 1427 nostris,
2488 1357 2655 1436 quod
2712 1358 2877 1419 idem

415 1462 772 1541 Episcopus
813 1468 878 1523 et
921 1481 1312 1524 successores
1355 1461 1453 1522 sui
1481 1463 1941 1541 imperpetuum
1976 1461 2253 1521 habeant
2287 1460 2515 1522 liberas
2552 1483 2881 1524 warennae

413 1569 482 1630 in
515 1571 808 1632 omnibus
837 1570 1166 1630 dominicis
1195 1570 1378 1630 terris
1407 1569 1538 1629 suis
1580 1587 1738 1648 quas
1765 1568 2002 1628 habent
2037 1575 2217 1628 extra
2245 1569 2543 1629 forestam
2574 1579 2875 1642 nostram,

412 1675 476 1734 in
521 1675 802 1735 manerio
845 1693 959 1736 suo
1008 1675 1085 1734 de
1143 1675 1289 1746 Ros,
1335 1674 1645 1754 simulque
1699 1674 1764 1732 in
1822 1673 2113 1733 omnibus
2170 1673 2350 1734 terris
2410 1675 2539 1734 suis
2595 1677 2877 1736 omnium

412 1781 836 1860 predictorum
892 1780 1312 1841 maneriorum
1363 1786 1540 1840 extra
1598 1779 1899 1839 forestam
1944 1787 2223 1840 nostram
2245 1799 2260 1850 ;
2318 1780 2410 1840 ita
2455 1781 2621 1861 quod
2664 1782 2879 1842 nullus

411 1907 743 1948 warennae
785 1887 926 1948 illas
967 1887 1388 1948 maneriorum
1429 1885 1851 1965 predictorum
1895 1884 2129 1946 intrare
2170 1887 2369 1963 possit
2413 1887 2493 1947 ad
2531 1886 2877 1966 fugandum

401 1993 471 2052 in
513 1994 604 2054 eis
647 1992 744 2053 vel
791 1993 1026 2072 aliquid
1067 1993 1132 2052 in
1177 1993 1266 2053 eis
1311 1991 1705 2070 capiendum,
1738 1991 1875 2050 sine
1924 1991 2185 2050 licencia
2228 1999 2293 2051 et
2323 1991 2645 2053 voluntate
2678 1993 2877 2072 ipsius

401 2099 704 2179 Episcopi
746 2107 811 2159 et
859 2117 1289 2159 successorum
1335 2115 1591 2158 suorum
1627 2115 1817 2175 super
1844 2096 2313 2156 forisfacturam
2344 2104 2624 2157 nostram
2661 2098 2877 2159 decem

399 2205 722 2274 librarum,
769 2204 932 2264 sicut
973 2204 1326 2282 predictum
1369 2208 1485 2264 est.
1575 2201 1722 2262 Hiis
1763 2202 2055 2273 testibus,
2102 2202 2506 2281 H[umirido]
2547 2202 2623 2263 de
2665 2203 2871 2276 Boun,

403 2309 649 2370 Comite
692 2308 1063 2369 Herefordie
1119 2322 1183 2368 et
1247 2308 1533 2379 Essexie,
1581 2307 1903 2386 Stephano
1958 2307 2039 2367 de
2102 2307 2391 2386 Segrave,
2439 2307 2757 2369 Willelmo
2796 2309 2877 2371 de

399 2416 760 2494 CantilupO,
820 2416 1154 2476 Bertramo
1223 2414 1299 2474 de
1373 2414 1602 2493 Grivyl,
1670 2413 2004 2485 Herberto,
2075 2413 2204 2475 filio
2268 2414 2533 2486 Mathei,
2599 2413 2875 2476 Roberto

401 2522 792 2601 Muscegros,
885 2521 1148 2580 Matheo
1229 2520 1428 2592 Bevil,
1533 2519 1983 2580 Bartholomeo
2070 2520 2333 2591 Pecche,
2423 2522 2711 2599 Drogone
2795 2521 2873 2582 de

398 2628 726 2698 Barentin,
795 2626 1102 2686 Nicholao
1171 2626 1248 2686 de
1319 2624 1640 2696 Boleville,
1714 2631 1776 2685 et
1848 2623 2005 2685 aliis.
2123 2625 2361 2685 Datum
2434 2645 2545 2704 per
2613 2646 2872 2687 manum

399 2743 686 2794 nostram
755 2731 922 2811 apud
1001 2732 1328 2803 Gestriam,
1395 2730 1483 2809 iiij
1555 2730 1656 2790 die
1730 2730 2132 2808 Septembris,
2200 2749 2367 2791 anno
2428 2730 2603 2810 regni
2674 2732 2871 2793 nostri

398 2839 697 2900 vicesimo
751 2841 991 2919 quint0.

400 3138 568 3217 Sept.
631 3133 1072 3194 2.—Mandatc
1135 3140 1192 3194 to
1258 3132 1354 3193 the
1416 3131 1596 3192 Dcan
1650 3133 1721 3212 of
1767 3130 1931 3192 len
1984 3138 2043 3192 to
2090 3131 2393 3193 demuncc
2432 3132 2870 3194 ecclesiastica

645 3234 919 3277 cmzsurcs
989 3234 1069 3275 on
1136 3213 1228 3274 all
1285 3212 1418 3273 who
1489 3212 1632 3274 hom
1697 3210 2067 3273 intercourse
2124 3212 2279 3273 with
2340 3212 2439 3273 the
2506 3220 2745 3274 teviants
2806 3213 2882 3294 of

652 3294 1002 3366 Chasiroke,
1058 3294 1269 3364 Aston,
1326 3292 1454 3354 and
1507 3292 1891 3372 Mellinqton,
1933 3293 2065 3354 who
2112 3313 2263 3354 were
2316 3294 2869 3355 excommnicated

632 3379 743 3458 for
780 3376 1110 3437 resistancc
1153 3382 1212 3435 to
1252 3372 1561 3454 episcopal
1598 3373 1832 3435 control
1870 3372 1997 3434 ami
2026 3375 2135 3454 for
2173 3381 2451 3453 outraqes
2500 3375 2867 3436 committed.

561 3537 836 3596 Damno
877 3552 964 3593 nn
1009 3532 1633 3600 Cnonn.—Thoma3,
1681 3538 1826 3602 etc„
1871 3531 2129 3592 Decano
2179 3530 2256 3591 de
2310 3532 2523 3603 Olone‚
2569 3531 2860 3605 salutem,

394 3652 518 3704 etc.
607 3642 784 3702 hicet
823 3639 1111 3700 homines
1154 3639 1341 3698 trium
1371 3637 1660 3697 villarum
1707 3644 2063 3697 nostrarum
2094 3637 2171 3698 de
2202 3637 2567 3708 Chastroke,
2602 3639 2857 3709 Astone‚

394 3758 460 3811 et
519 3751 859 3821 Moletone,
904 3748 986 3808 ad
1040 3760 1318 3807 castrum
1375 3756 1663 3807 nostrum
1719 3746 1907 3824 pleno
1961 3746 2098 3823 jure
2158 3744 2609 3823 spectancium,
2657 3746 2765 3826 qui
2822 3764 2864 3806 a

395 3855 676 3917 dominio
731 3852 1018 3914 Ecclesie
1073 3860 1283 3911 nostre
1341 3851 1826 3912 Herefordensis
1895 3850 2147 3929 propria
2210 3849 2566 3912 temeritate
2630 3850 2856 3912 divert-

395 3972 604 4032 erunt,
649 3980 836 4038 super
877 3957 1242 4018 revertendo
1285 3958 1361 4017 ad
1420 3957 1768 4017 dominium
1819 3956 2102 4019 Ecclesie
2142 3956 2421 4035 predicte
2462 3964 2526 4017 et
2569 3965 2856 4017 nostrum

391 4068 703 4129 hactenus
741 4065 1022 4144 legitime
1063 4064 1430 4124 monueritis
1473 4076 1536 4123 et
1573 4070 2020 4143 competenter,
2052 4064 2429 4144 eosdemque
2484 4064 2855 4125 nominatim

389 4174 460 4233 in
521 4171 784 4251 singulis
843 4169 1124 4230 ecclesiis
1185 4169 1373 4229 vestri
1445 4168 1814 4230 decanatus²
1877 4175 2133 4248 propter
2202 4189 2381 4230 suam
2453 4170 2855 4231 manifestam

389 4279 699 4340 offensam
741 4276 1318 4338 excommunicatos
1359 4274 1723 4335 denunciari
1754 4275 2019 4346 faciatis,
2050 4282 2234 4354 prout
2274 4275 2341 4335 in
2372 4277 2597 4336 vestris
2630 4276 2858 4338 litteris

390 4382 848 4446 certificatoriis
916 4380 1164 4461 plenius
1235 4380 1634 4453 continetur;
1715 4380 1903 4441 iidem
1975 4389 2192 4441 tamen
2260 4380 2567 4453 homineS,
2639 4384 2861 4461 paucis

391 4488 692 4570 exceptis,
763 4490 970 4550 claves
1042 4486 1324 4547 Ecclesie
1391 4486 1647 4566 penitus
1718 4487 2242 4566 contempnendO,
2316 4488 2381 4547 in
2453 4507 2563 4548 sue
2635 4488 2858 4551 salutis

391 4596 792 4676 dispendium
848 4610 913 4654 et
968 4592 1252 4654 Ecclesie
1307 4598 1520 4652 nostre
1576 4598 1638 4653 et
1695 4593 1895 4653 nostri
1952 4593 2299 4672 dampnum
2346 4612 2473 4653 non
2518 4594 2853 4665 modicum,

387 4702 741 4783 predictam
784 4698 1171 4761 sentenciam
1228 4698 1905 4759 excommunicacionis
1946 4718 2073 4758 non
2115 4698 2455 4759 formidant
2477 4718 2492 4770 ;
2537 4707 2634 4759 set
2686 4700 2861 4761 mala

390 4807 579 4870 malis
620 4806 697 4867 de
740 4806 842 4865 die
883 4805 949 4864 in
992 4804 1157 4864 diem
1204 4804 1678 4875 accumulando,
1725 4824 1841 4864 nos
1883 4812 1946 4864 et
2005 4812 2252 4865 nostros
2306 4804 2371 4864 in
2430 4804 2615 4865 dictis
2657 4805 2861 4867 tribus

1329 4940 1458 4979 1—1n
1486 4940 1587 4979 MS.
1613 4937 1938 4981 diaconatus.
