3619 5868
1248 540 1550 622 Episcopi
1601 542 2085 622 Herefordemis.
2779 550 2895 609 111

430 763 722 824 obstante
763 764 932 825 dicto
973 765 1272 826 mandato
1313 766 1390 828 de
1431 767 1554 828 isto
1596 768 1845 829 redditu
1878 769 2054 831 vobis
2096 770 2261 832 dato.
2347 771 2451 831 Ita
2485 776 2697 833 tamen
2731 772 2901 852 quod

429 869 844 930 cercioremur
901 889 1014 950 per
1074 891 1186 933 vos
1248 879 1556 952 quantum
1617 874 1702 935 sit
1763 875 2041 936 solutum
2102 896 2218 956 pro
2278 877 2513 939 eisdem
2576 877 2775 950 bonis,
2833 883 2899 939 et

430 975 597 1055 quod
657 976 976 1037 residuum
1036 977 1319 1038 redditus
1381 977 1461 1038 ad
1523 998 1681 1057 opus
1743 985 2049 1052 nostrum,
2114 987 2186 1041 ut
2250 982 2684 1061 supradicitur,
2750 1003 2895 1044 con-

429 1087 744 1152 servetur;
807 1082 978 1142 istud
1032 1082 1286 1143 bladum
1335 1089 1400 1144 et
1450 1084 1617 1144 aliud
1665 1084 2020 1145 instaurum
2080 1085 2317 1146 bonum
2379 1091 2477 1147 est
2539 1106 2763 1158 emere,
2824 1092 2898 1148 ut

429 1187 693 1258 videtur,
735 1193 991 1267 propter
1029 1188 1348 1249 caristiam
1390 1209 1512 1269 que
1553 1189 1828 1251 creditur
1868 1191 1934 1250 in
1976 1196 2177 1252 estate
2219 1197 2284 1252 et
2325 1191 2594 1253 maxime
2638 1197 2897 1272 propter

428 1293 768 1354 adventum
808 1293 1074 1355 istorum
1116 1293 1222 1374 qui
1265 1299 1415 1355 sunt
1456 1294 1644 1355 modo
1673 1296 1954 1367 venturi;
1998 1301 2183 1357 erunt
2224 1296 2395 1358 enim
2434 1297 2641 1358 vocati
2674 1316 2896 1360 omnes

427 1400 509 1459 ad
569 1399 830 1460 Festum
895 1399 1110 1461 Sancti
1165 1400 1206 1461 J
1207 1400 1476 1461 ohannis
1532 1400 1824 1480 Baptiste
1878 1401 1985 1482 qui
2041 1401 2373 1462 servicium
2431 1401 2663 1463 debent
2718 1403 2893 1483 Regi,

427 1504 595 1584 quod
643 1510 795 1564 tunc
850 1504 980 1566 sint
1035 1505 1202 1584 apud
1249 1505 1658 1585 Wygorniam
1714 1525 1861 1566 cum
1915 1526 2031 1567 suo
2086 1507 2366 1568 servicio.
2481 1507 2664 1568 Istud
2720 1529 2894 1569 man-

428 1610 647 1670 datum
696 1611 974 1672 totaliter
1018 1611 1282 1673 fecimus
1329 1612 1664 1691 registrari,
1707 1618 1779 1672 ut
1834 1613 2104 1675 retinere
2158 1613 2474 1692 possimus
2530 1613 2894 1676 memoriter

430 1716 698 1796 qualiter
735 1716 802 1777 in
845 1717 977 1778 suis
1019 1717 1298 1778 articulis
1339 1717 1527 1778 fuerit
1568 1723 1924 1798 exequtum.

429 2073 581 2134 Nov.
625 2077 722 2133 19.
739 2074 1104 2135 —Mandatc
1146 2081 1205 2135 to
1249 2074 1345 2136 the
1392 2075 1631 2153 Official
1673 2081 1732 2135 to
1776 2074 1993 2136 induet
2045 2074 2326 2136 william
2368 2075 2441 2136 de
2486 2075 2785 2154 Montfort
2832 2082 2891 2136 to

675 2155 772 2216 the
825 2155 1291 2236 Precentorship
1335 2155 1539 2216 which
1595 2155 1836 2234 Hervcy
1876 2155 1951 2216 de
2005 2155 2278 2216 Borham
2320 2155 2476 2227 held,
2518 2155 2647 2217 and
2686 2155 2891 2217 which

673 2235 752 2395 ἓν
764 2256 898 2375 πῗιω
933 2236 1212 2298 declared
1247 2245 1488 2309 vacant,
1527 2257 1596 2298 as
1634 2257 1713 2298 no
1745 2235 2198 2316 dispensatione
2230 2236 2380 2297 have
2414 2237 2557 2298 boen
2580 2236 2892 2298 exhibited
2968 2286 2975 2292 .

846 2337 950 2378 tm.

593 2497 730 2558 Pso
770 2495 838 2556 H
859 2499 1119 2577 [nnvno]
1166 2516 1253 2557 nn
1283 2497 1962 2570 Bonnam—'rhomam
1993 2503 2132 2569 etc.,
2164 2495 2430 2558 Officiali
2460 2517 2575 2558 suo
2603 2497 2891 2570 salutem,

431 2608 550 2665 etc.
649 2601 808 2664 Outn
863 2603 960 2663 vir
1013 2603 1338 2675 discretuS,
1395 2603 1688 2665 dominus
1744 2602 2033 2664 Herveus
2090 2603 2167 2663 de
2219 2601 2518 2673 Borham,
2550 2601 2641 2669 ‚in
2693 2601 2896 2663 forma

430 2709 586 2789 juris
626 2715 902 2780 vocatus,
943 2714 1014 2770 ut
1051 2729 1240 2789 super
1275 2709 1633 2790 pluralitate
1669 2707 2113 2770 beneficiorum
2151 2713 2217 2770 et
2258 2706 2635 2787 dignitatum
2678 2727 2892 2768 secum

432 2834 570 2875 esse
624 2814 1056 2894 dispensatum
1111 2834 1322 2875 coram
1376 2813 1558 2876 nobis
1613 2813 1990 2884 ostenderet,
2040 2813 2208 2875 idem
2255 2832 2368 2892 per
2414 2813 2892 2874 Pmcuratorem

432 2940 816 3001 comparens,
862 2919 1236 3001 quibusdam
1280 2919 1675 3001 transcriptis
1719 2917 2030 2991 exhibitis,
2076 2919 2417 2980 terminum
2460 2917 2715 2981 admisit
2755 2938 2893 2999 per-

431 3027 808 3107 emptorium
876 3027 956 3087 ad
1017 3026 1436 3088 exhibendum
1497 3033 1562 3088 et
1623 3025 1973 3088 docendum
2031 3026 2097 3085 in
2159 3024 2485 3106 premissis
2545 3024 2713 3106 quod
2774 3024 2895 3085 sibi

429 3138 643 3214 posset
684 3134 972 3213 expedire
1012 3153 1158 3194 cum
1199 3133 1462 3205 effectu;
1505 3154 1630 3215 quo
1673 3134 1940 3195 termino
1984 3132 2371 3203 adveniente,
2408 3136 2472 3193 et
2513 3130 2695 3192 nobis
2727 3130 2895 3191 ultra

429 3239 768 3301 terminum
801 3240 879 3301 de
911 3240 1120 3320 gracia
1152 3240 1395 3301 diucius
1427 3240 1919 3321 expectantibus,
1949 3240 2143 3300 nichil
2176 3239 2243 3299 in
2276 3238 2574 3320 predictis
2602 3238 2893 3301 exhibere

430 3367 542 3409 seu
582 3348 802 3409 docere
843 3346 1102 3408 curavit.
1204 3348 1340 3409 Nos
1380 3347 1569 3427 igitur
1609 3346 2065 3427 precentoriam
2110 3346 2392 3408 Ecclesie
2433 3350 2665 3417 nostre,
2710 3346 2891 3425 cujus

425 3452 805 3531 possessioni
886 3452 963 3514 de
1041 3452 1208 3513 facto
1287 3452 1594 3513 incumbit
1675 3452 1967 3513 dominus
2044 3452 2110 3511 H
2131 3454 2397 3530 [erveus]
2471 3450 2888 3531 supradictus,

425 3558 822 3620 attendentes
889 3563 1220 3619 vacantem
1289 3578 1427 3619 esse
1456 3578 1471 3630 ;
1541 3559 1829 3620 nolentes
1898 3558 2141 3619 diucius
2210 3562 2555 3636 expectare,
2631 3575 2711 3616 ne
2780 3574 2894 3634 per

424 3669 705 3725 nostram
787 3664 1237 3745 negligenciam
1319 3670 1600 3745 potestas
1682 3684 1824 3726 eam
1906 3664 2265 3726 conferendi
2346 3664 2425 3723 ad
2501 3663 2889 3743 superiorem

425 3768 871 3842 devolveretur,
931 3770 1158 3831 dilecto
1216 3769 1396 3831 nobis
1455 3770 1520 3829 in
1579 3770 1849 3841 Christ0,
1904 3770 2205 3850 magistro
2262 3768 2621 3840 Willelmo,¹
2664 3768 2889 3829 clerico

425 3881 660 3946 nostro,
701 3875 966 3937 eandem
1007 3876 1388 3947 contulimus
1429 3876 1663 3936 intuitu
1705 3875 2003 3937 caritatis.
2094 3874 2399 3950 Quocirca
2426 3872 2603 3935 vobis
2631 3874 2889 3934 manda·

426 3998 566 4040 mus
621 3980 918 4060 quatinus
973 3980 1200 4061 ipsum,
1249 3981 1349 4041 vel
1389 3984 1858 4061 procuratorem
1899 3980 2055 4059 ejus,
2099 3980 2166 4038 in
2206 3978 2591 4058 corporalem
2640 3997 2887 4057 posses-

424 4083 666 4146 sionem
712 4085 924 4147 induci
978 4086 1223 4147 faciatis
1277 4091 1343 4147 et
1397 4085 1746 4147 defendatis
1801 4085 2148 4156 inductum,
2219 4083 2423 4145 eidem
2492 4082 2748 4145 stallum
2818 4082 2887 4143 in

425 4189 615 4252 choro
655 4197 720 4253 et
760 4191 968 4253 locum
1010 4192 1076 4251 in
1117 4191 1352 4273 capitul
1361 4212 1410 4263 3,
1452 4197 1640 4271 prout
1681 4191 1874 4253 moris
1914 4196 2030 4263 est,
2073 4190 2485 4269 assignantes.
2586 4188 2885 4251 Valeatis.

424 4299 662 4361 Datum
703 4302 870 4381 apud
911 4302 1231 4374 Foleham,
1273 4303 1378 4381 xiij
1428 4302 1746 4364 Kalendas
1790 4302 2176 4373 Decembris,
2221 4300 2637 4363 Pontificatus
2687 4300 2889 4361 nostri

424 4406 511 4487 ij*

543 4842 822 4884 1—wmiam
864 4840 922 4883 de
965 4838 1212 4885 montfort.
1257 4838 1543 4882 afterwards
1587 4839 1720 4880 Dcan
1762 4836 1814 4879 of
1858 4838 1929 4879 St.
1978 4837 2155 4883 Paul's.
2199 4837 2305 4879 dled
2349 4836 2580 4886 suddenly
2614 4838 2663 4879 in
2702 4841 2797 4881 129⁴
2832 4842 2887 4882 at

415 4892 756 4934 westminster
788 4889 914 4933 from
947 4892 1234 4933 excitement
1269 4894 1320 4931 at
1350 4890 1433 4931 the
1469 4889 1633 4935 King's
1666 4886 1869 4929 demand
1904 4886 1955 4929 of
1991 4900 2079 4929 one
2115 4886 2216 4929 half
2241 4887 2292 4929 of
2316 4889 2399 4929 the
2424 4887 2595 4931 official
2632 4889 2815 4931 income
2836 4889 2888 4931 of

415 4944 500 4984 the
524 4942 694 4989 enemy.
749 4942 946 4983 Resides
973 4941 1202 4989 prebende
1229 4940 1276 4981 in
1305 4939 1510 4985 London.
1542 4937 1777 4985 Lichfleld.
1814 4936 1909 4979 and
1948 4936 2194 4985 Hereford.
2230 4938 2289 4980 he
2324 4938 2429 4979 held
2462 4944 2547 4981 ten
2583 4938 2815 4982 beneflcea
2837 4940 2886 4981 in

417 4991 612 5035 various
636 4992 864 5034 dioceses.
914 4990 1082 5040 (Panal
1110 4992 1220 5038 Reg.
1251 4993 1269 5031 1
1300 4991 1479 5036 March,
1511 4988 1638 5033 1291).
