3619 5868
1184 521 1483 600 Episcopi
1537 519 2021 599 Hercfo‘rdcnsis.
2714 524 2837 584 219

366 744 610 806 Judiois
665 745 1072 806 ecclesiastici
1122 746 1221 806 vel
1277 746 1593 817 secularis,
1643 766 1831 825 quem
1880 746 2045 807 idem
2098 747 2409 808 Dominus
2460 748 2835 828 Episcopu8‚

29 877 152 917 1:01,
181 877 278 918 soh,
365 856 476 910 aut
537 851 807 911 nuncius
863 871 1034 922 sune,
1095 851 1348 931 elegerit
1404 851 1470 911 in
1526 851 1644 912 hac
1698 857 1895 930 parte,
1941 858 2012 913 ut
2070 873 2172 914 me
2213 853 2294 913 ad
2338 853 2685 932 simplicem
2729 854 2833 916 de-

361 957 842 1019 nunciacionem
883 978 997 1038 per
1044 959 1283 1018 dictum
1327 958 1671 1018 Dominum
1729 958 2136 1037 Episcopum,
2181 963 2291 1019 aut
2332 959 2469 1038 ejus
2510 960 2833 1032 nuncium,

365 1064 484 1125 sibi
547 1064 797 1136 factam,
861 1084 974 1143 per
1045 1084 1484 1144 quamcunque
1545 1083 1875 1124 censuram
1939 1083 2050 1124 seu
2114 1063 2575 1125 districcionem
2630 1065 2835 1142 possit

365 1169 738 1248 compellere
787 1170 865 1230 ad
909 1169 1256 1248 plenariam
1307 1169 1692 1230 solucionem
1742 1173 1874 1228 tam
1925 1169 2235 1229 dictorum
2289 1170 2724 1249 dampnorum,
2768 1175 2835 1230 et

366 1275 566 1335 eciam
605 1295 1038 1354 expensarum,
1067 1294 1257 1354 quam
1296 1274 1490 1335 debiti
1525 1274 1907 1354 principalis.
1992 1274 2317 1336 Renuncio
2359 1275 2556 1336 eciam
2599 1275 2667 1334 in
2708 1276 2833 1337 hiis

366 1381 659 1442 omnibus
714 1387 778 1443 et
835 1381 1116 1461 singulis,
1160 1381 1332 1441 omni
1387 1380 1543 1459 juris
1593 1380 1822 1442 auxilio
1866 1386 1997 1440 tam
2047 1381 2332 1441 canonici
2379 1402 2568 1461 quam
2611 1382 2828 1453 civilis,

364 1485 825 1549 Constitucioni
867 1488 944 1549 de
986 1486 1228 1548 duabus
1273 1487 1479 1548 dietis¹
1520 1487 1686 1547 edite
1722 1487 1788 1546 in
1832 1487 2111 1548 Concilio
2156 1487 2466 1558 Generali,
2508 1488 2833 1568 privilegio

363 1593 857 1672 crucesingnatis
911 1591 1156 1652 indulto
1212 1596 1277 1652 et
1333 1591 1533 1651 eciam
1589 1590 1987 1671 indulgendo,
2030 1597 2095 1652 et
2136 1592 2405 1652 maxime
2454 1593 2837 1672 excepcioni²

363 1718 494 1758 non
549 1703 876 1758 numerate
929 1697 1248 1777 peccunie,
1294 1717 1366 1757 ac
1421 1696 1714 1758 omnibus
1767 1697 1997 1758 litteris
2053 1698 2430 1776 Apostolicis
2479 1699 2833 1778 impetratis

362 1811 427 1866 et
469 1804 900 1885 impetrandis,
943 1805 1136 1884 Regie
1179 1802 1611 1883 prohibicioni,
1654 1809 1720 1864 et
1760 1803 2052 1864 omnibus
2101 1804 2239 1864 aliis
2288 1824 2409 1884 que
2450 1811 2670 1865 contra
2712 1805 2833 1865 hoc

366 1909 672 1989 scriptum
735 1908 1087 1988 aliqualiter
1146 1913 1444 1987 poterunt
1501 1907 1662 1968 obici
1721 1908 1821 1968 vel
1883 1909 2131 1987 apponi.
2238 1909 2324 1969 Et
2386 1910 2466 1969 ad
2527 1909 2830 1989 majorem

361 2015 764 2075 securitatem
815 2015 1024 2075 inveni
1069 2014 1468 2093 fidejussores
1514 2014 1802 2075 dominos
1845 2014 2232 2075 Willelmum
2275 2015 2352 2075 de
2401 2015 2724 2076 Albiniaco
2766 2023 2831 2076 et

360 2121 402 2181 J
403 2120 718 2181 ohannem
762 2120 838 2180 de
881 2120 1079 2190 Clare,
1123 2120 1230 2199 qui
1275 2140 1343 2180 se
1385 2120 1450 2178 in
1494 2119 1613 2179 hac
1655 2126 1852 2199 parte,
1888 2120 1942 2180 si
1985 2140 2240 2181 necesse
2282 2121 2487 2191 fuerit,
2518 2120 2832 2182 debitores
2862 2201 2869 2208 1

362 2226 758 2287 constituunt
827 2225 1220 2306 principales.
1333 2224 1413 2284 In
1482 2245 1748 2304 quorum
1832 2225 2114 2285 omnium
2193 2226 2628 2286 testimonium
2697 2232 2826 2286 tam

360 2333 634 2413 sigillum
685 2352 896 2393 meum
945 2352 1131 2412 quam
1182 2332 1494 2392 dictorum
1552 2331 1991 2412 fidejussorum
2034 2332 2234 2412 sigilla
2275 2335 2552 2412 presenti
2595 2334 2832 2412 scripto

361 2444 512 2498 sunt
554 2457 849 2517 appensa.
936 2439 1174 2497 Datum
1218 2438 1582 2507 Londoniia
1617 2439 1723 2518 viij
1769 2438 1870 2499 die
1916 2438 2318 2518 Septembris,
2362 2459 2528 2499 anno
2572 2439 2831 2500 Domini

363 2543 744 2621 supradicto.

367 2789 532 2867 Sept.
591 2740 1180 2848 12.-C'ommission
1233 2788 1304 2867 of
1349 2788 1584 2866 sundry
1647 2787 2012 2849 Visitaciom
2071 2796 2128 2849 to
2180 2789 2276 2850 the
2323 2788 2561 2867 Official
2600 2789 2830 2868 durinq

613 2868 710 2929 the
751 2868 1038 2949 Bishop’s
1081 2869 1329 2930 absence
1371 2869 1442 2928 in
1470 2869 1718 2949 soreiqn
1749 2877 1949 2950 parts.

527 3025 1011 3084 Msmomnnuu
1056 3042 1144 3083 me:
1178 3025 1713 3085 szrerronmus
1751 3042 2049 3083 'mamms
2093 3041 2344 3084 Domno
2388 3023 2828 3084 osweard.—

367 3132 848 3192 Memorandum
903 3131 1072 3210 quod
1127 3130 1208 3210 xij
1269 3132 1369 3191 die
1429 3129 1833 3209 Septembris,
1880 3150 2046 3190 anno
2096 3129 2353 3189 Domini
2396 3129 2832 3190 M⁰CC⁰LXX⁰

364 3258 550 3309 non0,
597 3237 765 3317 apud
812 3235 1196 3307 Sevenhoke,
1241 3236 1515 3296 Domino
1558 3236 1916 3295 itinerante⁸
1955 3255 2174 3296 versus
2213 3240 2425 3314 partes
2468 3234 2826 3295 transmari-

361 3365 494 3413 nas,
541 3344 768 3404 tradite
810 3343 1064 3403 fuerunt
1107 3342 1406 3422 magistro
1448 3343 1506 3401 R
1527 3344 1755 3421 [ogero]
1779 3388 1792 3412 ,
1840 3340 2103 3401 Officiali
2148 3340 2613 3411 Herefordensi,
2665 3340 2826 3401 Visi-

361 3451 642 3511 taciones
691 3449 1094 3510 ecclesiarum
1137 3448 1502 3509 monialium
1545 3448 1621 3507 de
1664 3447 2092 3526 Lyngebroke‚
2137 3446 2213 3506 de
2259 3446 2449 3507 Stoke
2491 3446 2707 3517 Edith,
2750 3447 2829 3507 de

363 3557 549 3628 Aura,
606 3558 682 3616 de
733 3555 1087 3634 Lydeneye,
1132 3555 1209 3615 de
1265 3553 1602 3625 Todeham,
1646 3560 1710 3615 et
1759 3554 1839 3613 de
1888 3553 2271 3614 Wolastone.
2384 3554 2471 3613 Et
2530 3552 2827 3614 Officialis

361 3663 719 3743 repromisit
790 3662 989 3722 dictas
1059 3662 1477 3722 Visitaciones
1546 3681 1689 3721 cum
1761 3680 1976 3721 earum
2046 3660 2379 3720 abstractis
2443 3659 2829 3720 cancellario

363 3769 623 3830 Domini
682 3769 746 3828 in
807 3788 921 3829 suo
979 3767 1185 3829 reditu
1243 3768 1590 3828 restituere.

366 4025 532 4103 Sept.
575 4022 845 4083 5.—The
886 4022 1080 4082 Bisho
1169 4021 1411 4100 pledqes
1471 4021 1721 4100 himself
1771 4028 1827 4082 to
1886 4022 2028 4083 hold
2086 4021 2183 4082 the
2228 4021 2495 4100 Chapter
2537 4021 2829 4082 harmless

609 4124 678 4163 as
733 4102 981 4181 reqards
1043 4110 1064 4161 t
1191 4110 1302 4162 two
1348 4102 1624 4162 hundred
1665 4101 1873 4163 ‘marks
1915 4102 2224 4181 deposited
2267 4102 2337 4161 in
2378 4101 2537 4162 their
2580 4102 2827 4181 keepinq

611 4184 685 4261 by
731 4183 828 4244 the
887 4183 1208 4244 Gollectors
1265 4184 1335 4262 of
1386 4182 1482 4243 the
1543 4183 1736 4243 Tenth
1777 4185 1887 4263 for
1930 4183 2027 4244 the
2068 4183 2235 4261 Holy
2276 4183 2481 4255 Land,
2524 4184 2594 4262 of
2626 4181 2829 4243 which

612 4264 682 4325 he
727 4264 834 4325 has
877 4284 1008 4324 now
1055 4264 1152 4324 the
1191 4264 1312 4324 sole
1353 4264 1588 4343 charqe.

530 4420 891 4481 OnmoAcxo
956 4420 1206 4478 Domm
1270 4437 1356 4478 ns
1422 4418 1524 4480 GC
1596 4419 1853 4479 MARcIS
1916 4436 2087 4478 ERGA
2150 4417 2537 4478 curruum
2602 4418 2827 4477 Hunn-

364 4545 703 4588 ronnsnsn
760 4544 847 4585 mi:
905 4526 1566 4586 nscruA.-—Noverint
1606 4526 1881 4586 universi
1924 4526 2110 4605 quod,
2154 4545 2297 4585 cum
2340 4524 2724 4586 venerabiles
2765 4531 2831 4585 et

363 4634 618 4695 discreti
675 4632 809 4703 viri,
854 4631 1045 4692 frater
1103 4632 1145 4692 J
1145 4632 1428 4693 ohannes
1486 4632 1564 4692 de
1633 4632 2022 4701 Derlintone,
2095 4630 2501 4691 Dublinensis
2570 4629 2829 4691 Electus

489 4769 725 4810 l—Const.
763 4767 823 4809 de
849 4766 1054 4808 duabus
1091 4766 1276 4809 dietis.-
1317 4780 1377 4808 ne
1403 4766 1519 4816 quis
1553 4766 1696 4808 ultra
1732 4767 1869 4809 duas
1904 4766 2073 4808 dietas
2110 4769 2253 4807 extra
2286 4777 2439 4807 suam
2473 4764 2715 4807 diocesim
2746 4767 2839 4814 ῥα·

361 4819 565 4861 uitet-as
601 4816 918 4866 Apostolicas
951 4817 1022 4858 ad
1049 4816 1314 4865 ,iudicium
1346 4816 1486 4858 trahi
1509 4817 1700 4865 pouit:
1735 4819 1819 4858 ⁴th
1848 4818 2055 4859 Later-an
2079 4817 2289 4859 Council.
2316 4817 2391 4857 ch.
2416 4817 2491 4861 ³7:
2530 4817 2687 4857 mansi
2718 4816 2835 4863 xxii,

367 4872 878 4965 lm'z-Bxcepcioni,
906 4917 1024 4963 legal
1052 4916 1170 4964 plen.

493 4970 666 5010 8—‘1’he
693 4967 913 5010 intended
938 4967 1136 5015 Journey
1164 4979 1321 5009 seems
1346 4972 1399 5010 to
1424 4968 1547 5009 have
1574 4966 1688 5009 been
1717 4966 2050 5015 relinquiahed.
2080 4966 2163 5008 but
2190 4978 2251 5007 no
2276 4977 2477 5008 reasons
2500 4978 2583 5007 are
2606 4964 2759 5013 given.
