3619 5868
545 1478 640 1521 Fol.
667 1480 731 1520 69.

858 480 975 539 284
1458 554 1463 558 ,
1516 481 1872 561 Reqistrum
1929 484 2147 545 Thome
2199 484 2274 545 de
2333 484 2664 564 Cantilupo

855 730 1015 792 June
1060 734 1158 801 13,
1192 733 1535 792 lem—In
1577 733 1674 793 the
1706 752 1992 813 presence
2033 735 2103 811 os
2139 735 2237 795 the
2281 735 2497 813 Kinq’s
2545 737 2892 811 Treasurer,
2935 738 3035 797 the
3083 737 3319 815 Bishop

1096 814 1166 887 of
1186 813 1472 873 Norwich
1510 814 1637 873 and
1677 814 1898 885 others,
1929 816 1980 874 it
2021 835 2148 876 was
2189 817 2408 894 aqreed
2451 817 2588 877 that
2631 818 2729 877 the
2769 818 3013 897 disputo
3055 818 3319 878 between

1099 894 1196 953 the
1238 894 1501 972 Bishops
1544 896 1614 972 of
1648 895 1952 971 Heresord
1993 896 2120 955 and
2164 898 2256 957 St.
2303 898 2516 976 Asaph
2557 898 2776 959 should
2817 898 2884 957 be
2931 900 3215 974 referred
3263 908 3318 959 to

1100 974 1197 1034 the
1238 975 1609 1035 arbitration
1640 976 1709 1052 of
1746 977 1844 1035 the
1895 978 2242 1047 Treasurer,
2289 978 2462 1038 Luke
2505 978 2576 1037 de
2620 983 2758 1049 Bre,
2795 980 2891 1039 the
2922 980 3318 1040 Arehdeacon

1094 1060 1167 1131 os
1197 1058 1289 1116 St.
1338 1056 1568 1135 Asaph,
1611 1056 1737 1116 and
1782 1057 2050 1135 Greqory
2093 1058 2166 1117 de
2208 1059 2552 1135 Keyrwent,
2592 1060 2726 1120 who
2761 1061 2984 1121 should
3019 1061 3180 1121 visit
3225 1061 3316 1120 the

1094 1136 1338 1196 district
1378 1136 1447 1196 in
1487 1137 1783 1216 question,
1828 1136 1954 1197 and
1998 1137 2134 1198 take
2177 1139 2450 1199 evidence
2493 1140 2562 1199 in
2599 1140 2866 1218 Enqlish
2899 1142 3028 1201 and
3079 1141 3313 1211 Welsh;

1097 1218 1194 1276 the
1246 1225 1359 1278 two
1414 1218 1677 1297 Bishops
1726 1218 2016 1297 pledqinq
2068 1219 2415 1280 themselves
2463 1220 2660 1280 under
2701 1242 2744 1280 a
2783 1222 3043 1301 penalty
3097 1224 3174 1300 of
3211 1243 3316 1283 one

1095 1297 1372 1358 hundred
1404 1298 1646 1377 pounds
1698 1306 1757 1358 to
1804 1300 2042 1360 observo
2095 1301 2192 1361 the
2240 1301 2578 1362 conditions
2629 1302 2761 1362 laid
2805 1302 3000 1363 down.

1012 1454 1529 1516 Cournomssuu
1584 1474 1785 1515 mrsu
1842 1457 2146 1517 Doumos
2203 1458 2795 1519 Hannronnnnsmr
2852 1477 2935 1519 m·
2987 1460 3314 1519 Assavnu-

850 1560 1218 1621 ssu—Sub
1262 1580 1427 1620 anno
1486 1560 1739 1621 Domini
1785 1562 2213 1623 M⁰CC⁰LXX⁰
2253 1570 2495 1635 octav0,
2542 1564 2650 1642 xiij
2697 1565 2795 1624 die
2839 1566 3073 1625 mensis
3119 1564 3311 1635 Junii,

846 1665 915 1726 in
969 1666 1214 1744 palacio
1270 1667 1464 1743 Regio
1519 1666 1687 1744 apud
1744 1666 2396 1740 westmonasterium,
2441 1669 2508 1729 in
2565 1689 2816 1729 camera
2871 1670 3110 1731 Prioris
3172 1671 3315 1730 Pro·

848 1772 1132 1833 vincialis
1176 1772 1465 1832 Fratrum
1531 1772 2004 1833 Predicatorum
2067 1774 2134 1833 in
2198 1774 2444 1853 Anglia,
2505 1774 2898 1854 presentibus
2957 1774 3312 1835 Venerabili

851 1879 1039 1938 Patre
1097 1878 1370 1938 Domino
1430 1877 1762 1950 willelmo,
1824 1878 2232 1957 Norwycensi
2288 1879 2623 1959 EpiscopO,
2683 1886 2747 1941 et
2801 1880 3092 1940 discretis
3145 1881 3311 1949 viriS,

848 1984 1149 2061 magistro
1203 1982 1449 2043 Thoma
1504 1982 1697 2055 Beke,
1746 1982 2001 2043 Domini
2061 1984 2247 2063 Regis
2302 1984 2741 2056 ThesaurariO,
2785 1984 3042 2045 domino
3102 1984 3312 2044 Priore

846 2089 1108 2170 prefat0,
1161 2088 1414 2149 domino
1464 2088 1799 2149 Francisco
1849 2089 1926 2149 de
1976 2089 2282 2158 Bononia,
2329 2090 2689 2151 Professore
2733 2090 2906 2151 Juris
2957 2090 3202 2153 Civilis.
3253 2096 3310 2149 et

845 2196 985 2257 aliis
1029 2196 1269 2256 clericis
1310 2200 1373 2255 et
1416 2194 1593 2255 laicis
1640 2195 1872 2254 ibidem
1914 2196 2409 2275 quampluribus,
2455 2198 2884 2257 controversia
2929 2204 3106 2257 mota
3151 2198 3310 2255 inter

845 2300 1249 2363 Venerabiles
1290 2300 1515 2360 Patres
1558 2300 2085 2361 Herefordensem
2129 2309 2194 2361 et
2245 2302 2666 2363 Assevensem
2709 2302 3080 2381 Episcopos,
3127 2322 3310 2379 super

844 2406 983 2486 jure
1024 2410 1087 2466 et
1129 2404 1525 2483 possessione
1554 2405 1654 2465 vel
1695 2406 1877 2493 quasi
1911 2407 2238 2467 exercendi
2281 2406 2552 2468 officium
2597 2408 2974 2487 Episcopale
3017 2417 3086 2467 et
3126 2408 3304 2487 juris-

846 2512 1191 2573 diccionem
1262 2512 1327 2570 in
1395 2512 1602 2590 patria
1669 2512 1999 2590 prelibata,
2066 2524 2373 2593 tanquam
2433 2514 2513 2575 ad
2575 2534 2789 2575 verum
2855 2515 3052 2593 ipsius
3113 2514 3310 2594 patrie

846 2617 1249 2678 diocesanum
1295 2616 1565 2677 debeant
1605 2617 1938 2695 pertinere,
1985 2618 2066 2678 ad
2107 2618 2375 2679 formam
2419 2619 2850 2699 compromissi
2889 2620 3306 2700 subscriptam

846 2725 923 2784 de
985 2722 1321 2783 eorundem
1380 2723 1838 2802 Episcoporum
1895 2744 2186 2804 expresso
2243 2744 2556 2786 consensu
2609 2727 2728 2787 suit
2788 2726 3082 2799 redacta;
3146 2727 3306 2787 vide·

847 2828 993 2889 licet
1054 2828 1221 2908 quod
1286 2828 1591 2907 Magister
1656 2830 1862 2891 Lucas
1921 2830 1998 2891 de
2056 2831 2204 2903 Bre,
2276 2832 2732 2893 Thesaurarius
2804 2831 3303 2900 Herefordensis,

846 2936 1077 2997 arbiter
1134 2936 1371 2997 electus
1435 2956 1509 2996 ex
1570 2947 1751 3016 parte
1811 2937 1962 2997 dicti
2023 2938 2279 2998 Domini
2338 2938 2635 3018 Episcopi
2692 2938 3196 3009 Hereiordensis,
3246 2945 3303 2996 et

844 3041 1136 3101 dominus
1180 3041 1450 3113 Griffith,
1497 3042 1988 3104 Archidiaconus
2032 3044 2420 3115 Assavensis,
2463 3045 2693 3104 arbiter
2733 3045 2972 3104 electus
3015 3062 3092 3105 ex
3137 3051 3304 3124 parte

846 3146 997 3206 dicti
1044 3148 1298 3206 Domini
1334 3148 1633 3227 Episcopi
1675 3149 1795 3208 loci
1840 3149 2144 3226 ejusdem,
2183 3156 2246 3208 et
2280 3149 2580 3228 magister
2613 3149 2956 3226 Gregorius
2991 3150 3068 3209 de
3111 3149 3300 3226 Keyr·

846 3261 1035 3324 went,
1090 3253 1317 3312 Rector
1374 3253 1635 3313 ecclesie
1694 3254 1772 3314 de
1832 3253 2210 3334 Bokkeleye,
2264 3255 2495 3314 tercius
2555 3254 2788 3315 arbiter
2846 3255 3083 3316 electus
3143 3274 3300 3316 com·

844 3360 1120 3418 muniter
1161 3369 1225 3418 et
1268 3359 1657 3420 concorditer
1701 3363 1781 3419 ab
1823 3370 2090 3438 utraque
2133 3367 2332 3439 parte,
2367 3359 2753 3421 associantes
2797 3359 2914 3420 sibi
2958 3379 3300 3421 assessores

848 3463 1107 3524 clericos
1150 3483 1346 3525 unum
1378 3465 1477 3525 vel
1514 3465 1745 3543 plureS,
1772 3465 2054 3543 juratum
2084 3467 2180 3527 vel
2209 3468 2475 3546 juratos,
2505 3467 2669 3527 sicut
2699 3466 2988 3546 expedire
3018 3466 3297 3534 viderint,

848 3569 1123 3646 linguam
1170 3569 1494 3647 Anglicam
1537 3577 1600 3630 et
1631 3571 1964 3632 Wallicam
2009 3572 2430 3644 attendentem
2461 3571 2772 3650 prefatam
2814 3573 3296 3632 controversiam

849 3675 913 3734 in
984 3674 1185 3736 forma
1252 3676 1409 3754 juris
1478 3677 1816 3737 summarie
1894 3683 1957 3737 et
2025 3678 2103 3737 de
2172 3677 2382 3757 plano,
2456 3677 2932 3757 excepcionibus
3003 3677 3300 3738 dilatoriis

847 3782 1137 3854 exclusis,
1203 3783 1469 3845 fideliter
1531 3784 1983 3844 examinabunt
2047 3793 2110 3845 et
2175 3784 2604 3845 terminabunt
2668 3785 2828 3844 citra
2891 3784 3056 3844 diem
3129 3785 3299 3844 Lune

847 3889 1196 3967 proximum
1267 3897 1411 3968 post
1480 3890 1645 3949 diem
1717 3889 2032 3962 Cinerum,
2106 3911 2270 3950 anno
2339 3891 2657 3969 predicto;
2723 3890 2814 3950 ita
2871 3897 3083 3950 tamen
3143 3888 3298 3970 quod

848 3995 1113 4055 eandem
1169 3997 1438 4075 patriam
1492 3996 1572 4056 de
1628 3996 1920 4056 Gortwor
1974 3997 2132 4056 citra
2181 3997 2533 4076 proximum
2578 3996 2742 4057 diem
2785 3996 3120 4074 juridicum
3164 4003 3297 4076 post

846 4101 1107 4162 Festum
1155 4101 1340 4162 Beati
1391 4102 1563 4161 Petri
1623 4101 1703 4161 ad
1761 4101 2032 4163 Vincula
2089 4101 2287 4163 oculis
2347 4102 2478 4162 suis
2537 4102 2885 4172 subiceant,
2947 4122 3022 4162 ac
3080 4101 3297 4162 deinde

845 4207 1066 4268 eodem
1109 4207 1209 4268 die
1249 4207 1533 4286 juridicO,
1565 4208 1733 4286 apud
1767 4208 2163 4288 Bronretpol,
2193 4208 2362 4270 feriis
2406 4208 2860 4269 vindemiarum
2899 4212 2963 4268 et
3007 4209 3298 4268 messium

846 4333 960 4394 pro
1014 4313 1297 4392 juridicis
1351 4315 1744 4393 computatis,
1791 4314 1980 4375 iidem
2038 4315 2254 4376 arbitri
2296 4315 2374 4375 de
2417 4333 2728 4375 consensu
2773 4313 3114 4374 eorundem
3155 4313 3296 4392 Epi-

848 4429 1175 4490 scoporum
1226 4412 1597 4490 legittimam
1648 4417 2032 4490 potestatem
2076 4413 2334 4484 citandi,
2381 4411 2770 4482 cohercendi,
2815 4417 2880 4471 et
2929 4412 3143 4470 omnia
3185 4412 3298 4470 alia

846 4508 1115 4569 faciendi
1204 4528 1325 4587 que
1404 4510 1731 4588 negocium
1805 4511 2236 4588 compromissi
2313 4510 2853 4590 qualitercumque
2932 4509 3298 4587 contingunt

846 4606 1175 4678 habentes,
1218 4613 1281 4666 et
1337 4607 1499 4666 sicut
1557 4607 1846 4685 expedire
1887 4607 2157 4668 viderint
2214 4616 2594 4678 exercentes,
2640 4605 2906 4666 eandem
2953 4611 3297 4666 controver-

846 4703 1003 4764 siam
1049 4705 1406 4763 examinare
1448 4703 1750 4782 incipiant
1794 4710 2243 4776 memoratam;
2301 4711 2366 4765 et
2415 4703 2580 4783 quod
2623 4711 2818 4763 testes
2867 4703 3300 4762 examinentur

844 4801 905 4860 in
960 4801 1173 4879 lingua
1219 4820 1406 4881 quam
1450 4801 1673 4861 melius
1725 4801 2030 4862 noverint.
2119 4802 2206 4861 Et
2247 4801 2475 4880 prefati
2522 4799 2776 4860 Domini
2821 4799 3298 4860 Hereiordensis

845 4904 911 4959 et
974 4898 1343 4960 Assavensis
1413 4899 1710 4978 Episcopi
1780 4899 2090 4960 dictorum
2163 4902 2355 4959 trium
2425 4898 2824 4969 arbitrorum,
2896 4905 3006 4957 aut
3077 4898 3298 4958 saltem
