3619 5868
39 1624 128 1665 1²01.
159 1624 250 1666 le.

1152 546 1453 625 Episcopi
1507 546 1580 605 H
1576 546 1990 625 erefordensis.
2724 550 2803 609 53

335 773 483 833 Feb.
516 772 784 833 9.—The
811 772 974 832 Earl
999 772 1068 851 of
1094 772 1441 833 Gloucestcr
1467 792 1591 832 was
1621 772 1911 843 essoined,
1942 773 2067 832 and
2099 772 2195 833 the
2222 793 2357 833 case
2391 771 2749 851 adjoumed.

507 928 1172 989 Gnouonsmn1A.-Ad
1245 927 1409 988 diem
1478 928 1654 988 illam
1722 928 2075 1007 Episcopus
2145 928 2375 1007 optulit
2444 948 2513 989 se
2587 948 2807 991 versus

337 1033 632 1104 eundem,
675 1042 740 1092 et
783 1032 1008 1094 Comes
1049 1032 1166 1093 fuit
1209 1033 1568 1094 essoniatus
1616 1033 1694 1094 de
1739 1034 1907 1094 malo
1960 1033 2245 1094 veniendi
2261 1036 2301 1106 ;¹
2350 1032 2574 1093 habuit
2631 1033 2800 1093 diem

335 1158 552 1201 coram
584 1140 752 1218 Rege
781 1138 1156 1219 ubicunque,
1187 1144 1330 1211 etc„
1364 1158 1402 1199 a
1430 1138 1531 1200 die
1561 1139 1808 1200 Pasche
1834 1140 1901 1199 in
1931 1159 2126 1200 unum
2158 1158 2463 1200 mensem.

341 1385 468 1447 The
501 1385 676 1526 Ealzlt
700 1392 806 1445 not
846 1384 1184 1463 appearinq
1226 1384 1296 1443 in
1341 1383 1528 1444 Court
1574 1383 1683 1444 has
1729 1391 1786 1443 to
1822 1384 2078 1463 provide
2124 1383 2253 1444 bail
2280 1385 2390 1464 for
2430 1403 2807 1464 appearance

677 1486 758 1525 er.

507 1610 1126 1671 echonomum—A
1151 1610 1251 1669 die
1283 1608 1526 1669 Pasche
1555 1609 1621 1668 in
1649 1627 1848 1668 unum
1878 1628 2160 1669 mensem
2190 1608 2544 1688 Episcopus
2575 1608 2806 1688 optulit

339 1734 408 1776 se
464 1736 682 1777 versus
737 1715 1007 1777 eundem
1064 1715 1392 1785 Comitem,
1454 1722 1516 1774 et
1571 1714 1705 1793 ipse
1762 1735 1889 1775 non
1946 1715 2137 1775 venit.
2242 1714 2282 1775 J
2287 1714 2578 1775 udicatur
2634 1714 2805 1793 quod

337 1828 614 1899 ponatur
639 1840 752 1899 per
770 1819 1024 1881 vadium
1043 1831 1107 1881 et
1130 1820 1338 1881 salvos
1359 1820 1595 1898 plegios
1617 1820 1707 1881 ita
1727 1821 1892 1900 quod
1919 1821 2000 1881 sit
2022 1840 2232 1881 coram
2260 1822 2429 1899 Rege
2447 1819 2804 1899 ubicunque

339 1934 459 1989 etc.
491 1928 554 1987 in
587 1927 846 1988 Octabis
879 1927 1109 1987 Sancte
1137 1926 1466 1987 Trinitatis
1496 1935 1615 1987 etc.
1649 1925 1728 1987 ad
1755 1927 2263 2005 respondendum
2293 1926 2460 1986 dicto
2491 1926 2809 2005 Episcopo

339 2041 410 2093 ut
439 2052 650 2112 supra,
682 2038 744 2093 et
775 2032 857 2093 ad
886 2031 1346 2093 ostendendum
1375 2051 1566 2112 quare
1610 2050 1736 2091 non
1778 2032 2054 2092 servavit
2096 2013 2263 2091 diem
2292 2029 2412 2091 sibi
2445 2030 2660 2091 datam
2691 2048 2803 2109 per

337 2138 790 2199 essoniatorem
810 2157 995 2199 suum
1019 2156 1058 2197 a
1079 2136 1180 2198 die
1203 2137 1447 2198 Pasche
1469 2138 1534 2196 in
1557 2156 1754 2198 unum
1777 2156 2081 2209 mensem,
2108 2138 2270 2197 sicut
2294 2137 2411 2198 sibi
2440 2147 2807 2215 preceptum

339 2244 483 2305 fuit.

337 2502 555 2582 Ample
585 2502 728 2563 time
758 2502 867 2562 has
911 2502 1053 2561 been
1093 2500 1344 2561 allowed
1373 2501 1482 2579 for
1525 2500 1620 2560 the
1663 2500 2139 2579 adjonmments,
2181 2472 2291 2559 but
2336 2498 2432 2559 the
2472 2498 2698 2576 neqleot
2740 2498 2813 2578 os

589 2584 685 2643 the
743 2582 976 2661 bailiffs
1033 2583 1102 2661 of
1156 2581 1549 2658 Tewkesbury
1601 2580 1710 2641 has
1766 2580 1987 2641 caused
2041 2580 2239 2657 delay,
2296 2580 2423 2639 and
2476 2600 2517 2639 a
2571 2579 2806 2641 shorter

585 2664 851 2725 interval
891 2663 946 2723 is
988 2682 1121 2723 now
1151 2662 1368 2741 fittinq
1410 2662 1481 2721 in
1523 2661 1620 2722 the
1661 2662 1909 2722 interest
1951 2662 2020 2739 os
2063 2660 2161 2722 the
2202 2659 2456 2739 Bishop.

507 2824 642 2885 Nec
684 2831 894 2901 potest
939 2821 1322 2883 occasionari
1364 2820 1715 2899 assignacio
1752 2819 1936 2880 istius
1966 2818 2089 2880 diei
2117 2824 2371 2898 propter
2399 2837 2579 2879 suam
2609 2816 2807 2878 brevi-

338 2938 566 3001 tatem,
601 2951 746 2992 cum
795 2928 1116 2990 contineat
1165 2948 1448 2988 mensem
1496 2926 1867 3007 perfectum,
1913 2933 1975 2988 et
2020 2926 2060 2987 J
2064 2926 2279 2988 udices
2324 2946 2400 2986 ex
2443 2924 2647 2986 officio
2693 2944 2809 2986 suo

337 3038 504 3098 tales
560 3037 693 3097 dies
751 3036 1068 3114 assignare
1127 3044 1605 3095 consueverunt.
1713 3033 1840 3093 Hic
1894 3040 2099 3093 autem
2161 3033 2295 3092 Rex
2348 3038 2412 3093 et
2460 3031 2808 3093 Consilium

338 3162 528 3204 suum
569 3143 609 3203 J
612 3143 952 3203 usticiariis
997 3141 1456 3202 mandaverunt
1500 3141 1666 3221 quod
1699 3141 1764 3200 in
1793 3139 1934 3200 istis
1964 3137 2396 3211 dilacionibuS,
2429 3159 2549 3219 que
2579 3139 2807 3200 merito

337 3255 492 3312 sunt
536 3248 819 3316 attende.
865 3248 1138 3326 graciam
1182 3247 1459 3307 facerent
1503 3246 1818 3324 Episcopo
1860 3264 2051 3325 quam
2093 3251 2373 3323 possent,
2406 3245 2556 3304 dum
2592 3251 2809 3304 tamen

337 3355 509 3434 parti
548 3353 808 3415 adverse
846 3371 1206 3431 expressam
1248 3351 1545 3429 injuriam
1593 3370 1718 3410 non
1765 3350 2089 3411 inferrent.
2179 3349 2346 3410 Item
2391 3349 2557 3430 quod
2602 3351 2809 3412 dictus

339 3461 570 3522 Comes
599 3477 810 3519 coram
842 3460 1012 3537 Rege
1055 3464 1119 3518 et
1163 3475 1278 3517 suo
1319 3456 1613 3528 Consili0,
1655 3476 1901 3517 necnon
1942 3467 2007 3518 et
2050 3456 2305 3516 domino
2350 3456 2677 3539 R[adulfo]
2728 3457 2807 3517 de

336 3565 702 3645 Hengham‚
733 3571 796 3625 et
824 3565 864 3625 J
870 3563 1202 3624 usticiariis
1245 3563 1374 3624 fere
1416 3564 1706 3623 omnibus
1748 3563 2101 3640 comparuit
2130 3562 2513 3641 placitandO‚
2545 3567 2609 3622 et
2640 3563 2806 3623 diem

338 3671 731 3750 assignatum
764 3670 1144 3731 assumendo
1181 3669 1552 3748 respondere
1594 3669 1942 3741 videbatur,
1988 3670 2087 3728 vel
2128 3674 2560 3749 contemptum
2605 3669 2809 3729 facere

335 3777 406 3837 in
437 3797 564 3836 non
593 3776 1064 3854 respondendo;
1109 3776 1359 3836 racione
1388 3777 1570 3854 cujus
1604 3783 2007 3854 contemptus
2051 3778 2277 3836 merito
2319 3775 2536 3837 debuit
2577 3776 2812 3838 habere

337 3884 594 3943 brevem
639 3882 823 3946 diem.
910 3881 1076 3942 Item
1119 3902 1232 3961 per
1258 3882 1571 3943 defectum
1614 3882 1828 3943 ballivi
1873 3881 2183 3942 libertatis
2226 3881 2374 3942 dicti
2426 3881 2689 3942 Comitis
2728 3881 2808 3942 de

334 3987 771 4065 Thekesbury,
803 3986 910 4067 qui
941 3987 1310 4047 mandatum
1340 3987 1723 4048 vicecomitis
1769 4007 1895 4048 non
1942 3987 2272 4068 exequitur
2321 3987 2484 4047 sicut
2530 3986 2804 4059 deberet,

333 4094 548 4172 perdit
576 4093 952 4153 multociens
980 4092 1186 4152 dictus
1229 4093 1582 4172 Episcopus
1611 4092 1744 4153 dies
1784 4111 1952 4153 suos·
2038 4093 2125 4152 Et
2169 4100 2501 4171 propterea
2542 4111 2667 4152 non
2712 4100 2811 4153 est

338 4198 570 4258 mirum
603 4199 655 4257 si
685 4197 1038 4276 Episcopus
1066 4196 1131 4256 in
1162 4196 1472 4257 brevitate
1497 4196 1738 4258 dierum
1769 4196 2114 4258 allevietur.

339 4467 506 4528 June
549 4466 897 4526 12.—Writ
941 4472 999 4526 to
1043 4466 1140 4526 the
1185 4465 1418 4544 Sheriff
1454 4467 1523 4544 os
1569 4466 1916 4526 Glouccster
1968 4473 2025 4526 to
2067 4465 2343 4525 disti-ain
2388 4485 2469 4525 on
2511 4465 2608 4525 the
2648 4465 2813 4525 Earl

587 4547 712 4607 and
757 4547 906 4608 have
949 4547 1078 4607 him
1119 4547 1189 4606 in
1234 4547 1422 4607 Court
1463 4567 1543 4606 on
1584 4547 1735 4624 July
1781 4551 1836 4608 8.

507 4704 881 4778 Edwardus,
907 4711 1052 4775 etc„
1083 4704 1451 4766 Vicecomiti
1475 4704 1867 4764 Gloucestrie
1898 4703 2189 4763 salutem.
2276 4702 2662 4780 Precipimus
2695 4702 2810 4762 tibi

340 4810 513 4891 quod
556 4810 895 4889 distringas
939 4808 1293 4870 Gilbertum
1339 4810 1418 4869 de
1461 4809 1661 4881 Clare,
1708 4808 2019 4870 Comitem
2066 4808 2459 4869 Gloucestrie
2503 4815 2567 4869 et
2617 4809 2807 4869 Hert-

469 4937 654 4979 l—This
696 4936 952 4978 essonium
994 4949 1098 4980 was
1141 4949 1170 4978 a
1215 4937 1318 4984 nlea
1360 4936 1410 4978 of
1451 4936 1666 4978 accident
1709 4948 1763 4977 or
1806 4936 2111 4982 involuntary
2156 4935 2293 4982 delay
2340 4947 2401 4976 on
2450 4935 2531 4976 the
2580 4934 2708 4980 road.
2758 4947 2816 4976 aa

336 4988 688 5035 distinguished
714 4987 838 5029 from
863 4987 1118 5029 esconium
1144 4987 1203 5029 de
1231 4987 1364 5028 *nalo
1391 4985 1526 5033 lecti.
1555 4989 1636 5028 the
1663 4987 1766 5034 olea
1793 4985 1843 5027 of
1870 4987 2033 5027 illness
2060 4992 2113 5027 at
2142 4987 2294 5027 home.
