3619 5868
731 528 847 588 112
1378 528 1734 607 Reqis‘trum
1790 528 2011 589 Thema
2066 529 2138 589 de
2210 528 2542 608 Cantilupo

727 778 1393 839 Nov.19.—Mandate
1436 786 1493 839 to
1534 779 1710 838 Luke
1741 779 1816 839 de
1844 781 1995 840 Bree
2038 786 2095 840 to
2136 759 2395 840 ambroise
2436 779 2506 838 in
2549 779 2645 840 the
2686 779 2973 858 Bishop’s
3014 799 3189 840 name

975 859 1072 920 the
1116 859 1526 938 jurisdiction
1581 860 1893 938 belowinq
1938 867 1995 920 to
2040 859 2136 920 the
2176 860 2335 938 office
2375 861 2445 939 of
2481 860 2676 932 Dean,
2718 859 2919 920 which
2958 859 3014 920 is
3056 880 3189 920 now

974 938 1261 1020 disputed
1311 940 1386 1018 by
1439 941 1536 1001 the
1581 939 1748 1001 rival
1794 941 2121 1001 claimants
2170 941 2323 1000 with
2374 941 2470 1001 the
2516 941 2707 1002 result
2758 941 2892 1001 that
2939 941 3187 1019 offences

971 1020 1210 1080 romain
1248 1021 1652 1082 amomo-ted.

888 1189 1180 1260 Thomas,
1251 1195 1388 1260 etc„
1459 1191 1758 1270 magistro
1840 1189 2064 1274 L[uce]
2148 1191 2227 1252 de
2306 1191 2485 1262 Bree,
2556 1191 2837 1271 ejusdem
2908 1191 3189 1252 Ecclesie

727 1295 1062 1366 CanonicO,
1119 1295 1406 1366 salutem,
1463 1301 1580 1356 etc.
1693 1296 1945 1370 Quanto
1994 1316 2069 1357 ex
2116 1297 2448 1376 pastoralis
2497 1297 2683 1357 officii
2732 1297 2942 1358 debito
2991 1297 3189 1376 magis

723 1401 1130 1480 astringimur
1183 1402 1248 1460 in
1304 1401 1427 1462 hiis
1476 1422 1596 1482 que
1653 1402 1732 1462 ad
1781 1402 2046 1464 salutem
2098 1403 2449 1464 animarum
2504 1403 2823 1482 pertinent
2877 1403 3189 1474 delectari,

728 1512 908 1567 tanto
948 1507 1146 1567 anxiis
1185 1507 1500 1568 doloribus
1539 1508 1985 1569 conturbamur
2021 1501 2165 1568 cum
2204 1509 2413 1588 aliqua
2448 1509 2892 1588 perpendimus
2930 1509 3189 1570 iminere

727 1633 850 1693 que
908 1612 1176 1674 salutem
1238 1634 1460 1694 earum·
1515 1614 1867 1693 impediunt
1929 1621 1992 1675 et
2053 1615 2221 1675 viam
2284 1620 2621 1695 preparant
2678 1614 2759 1675 ad
2815 1614 2856 1675 J
2856 1615 3187 1676 ehennam.

727 1719 901 1779 Hinc
942 1724 1040 1779 est
1081 1719 1266 1798 quod,
1308 1720 1608 1798 magistro
1651 1721 1876 1799 Egidio
1919 1721 1995 1782 de
2039 1720 2409 1800 Avenebury
2449 1727 2513 1782 et
2561 1721 2602 1782 J
2603 1721 2851 1781 ohanne
2893 1721 2970 1781 de
3012 1719 3190 1801 Aqua

724 1825 966 1885 Blanca
1015 1845 1202 1904 super
1255 1825 1390 1905 jure
1446 1826 1786 1886 decanatus
1844 1827 2125 1888 Ecclesie
2180 1833 2394 1888 nostre
2448 1827 2725 1907 predicte
2779 1826 3185 1906 litigantibus,

727 1931 808 1991 ad
849 1951 1054 2010 quem,
1099 1931 1176 1992 de
1217 1932 1668 1993 consuetudine
1717 1932 2078 2012 approbata,
2120 1939 2193 1994 ut
2233 1933 2479 2004 dicitur,
2526 1937 2770 2013 spectat
2809 1933 3183 2013 jurisdicci0‚

728 2056 878 2096 cura
911 2036 1202 2098 salutaris
1235 2037 1569 2116 negligitur
1601 2037 1971 2107 animarum,
2011 2038 2161 2098 dum
2200 2038 2365 2098 idem
2404 2058 2472 2099 se
2509 2043 2731 2098 mutuo
2768 2038 3187 2117 inpugnantes

727 2141 967 2221 prefate
1007 2142 1463 2222 jurisdiccionis
1492 2143 1862 2204 exercicium
1893 2144 1958 2202 in
1986 2143 2270 2204 subditos
2298 2143 2731 2223 delinquentes
2762 2142 2947 2204 modo
2975 2143 3184 2204 debito

723 2267 856 2308 non
905 2252 1210 2308 exercent.
1315 2247 1743 2308 Ponderantes
1792 2248 1983 2326 igitur
2034 2247 2311 2327 pericula
2363 2249 2663 2327 preterita
2716 2268 2789 2308 ac
2843 2247 3183 2326 presencia,

725 2374 848 2434 que
890 2353 969 2414 ob
1011 2354 1324 2414 defectum
1366 2353 1775 2414 correccionis
1818 2353 1883 2412 in
1926 2353 2193 2414 subditis
2221 2353 2371 2413 dicti
2412 2353 2753 2414 decanatus
2789 2353 3185 2432 contigerunt

725 2465 791 2520 et
853 2459 1080 2520 cotidie
1142 2459 1558 2538 contingunt,
1594 2460 1879 2520 volentes
1939 2480 2051 2539 per
2111 2480 2186 2520 ea
2246 2479 2464 2520 cavere
2525 2459 2602 2520 de
2663 2459 2909 2530 futuris,
2973 2459 3186 2520 habito

727 2584 917 2644 super
965 2565 1086 2625 hiis
1143 2585 1286 2624 cum
1337 2565 1484 2626 viris
1539 2565 1952 2644 prudentibus
2008 2586 2081 2626 ac
2134 2565 2509 2645 jurisperitis
2565 2571 2836 2625 tractatu
2886 2565 3184 2644 diligenti,

727 2671 805 2752 de
846 2670 1106 2731 consilio
1147 2670 1486 2732 eorundem
1529 2671 1939 2732 correccionis
1976 2672 2248 2732 officium
2288 2671 2366 2731 ad
2401 2671 2858 2750 jurisdiccionis
2896 2677 3187 2750 spectans

723 2777 1096 2839 exercicium
1124 2776 1275 2836 dicti
1305 2777 1644 2837 decanatus
1673 2776 1855 2838 nobis
1884 2777 2339 2856 assumpsimus
2368 2777 2797 2838 exercendum.
2882 2776 3187 2851 Quocirca.

726 2882 903 2945 vobis
958 2882 1330 2945 mandamus
1387 2888 1602 2945 tenore
1656 2883 2050 2963 presencium
2105 2883 2369 2944 firmiter
2423 2883 2838 2963 injungenteS,
2889 2883 3185 2964 quatinus

722 2989 1037 3070 prefatum
1080 2989 1488 3051 correccionis
1529 2990 1803 3050 officium
1844 2990 1980 3050 vice
2021 2996 2085 3051 et
2127 2990 2499 3051 auctoritate
2540 2995 2756 3051 nostra
2793 2991 3184 3070 exequamini

725 3116 869 3156 cum
915 3094 1163 3165 effectu,
1209 3096 1696 3156 contradictores
1742 3102 1806 3156 et
1856 3095 2113 3156 rebelles
2162 3116 2273 3175 per
2321 3115 2650 3156 censuram
2698 3095 3185 3184 ecclesiasticam

725 3201 1196 3281 compescendo.
1321 3202 1616 3261 Valeatis.
1741 3202 1980 3262 Datum
2058 3202 2223 3281 apud
2294 3201 2614 3273 Foleham,
2685 3202 2788 3282 xiij
2872 3202 3187 3263 Kalendas

727 3306 1112 3377 Decembris,
1170 3305 1582 3367 Pontificatus
1638 3307 1838 3368 nostri
1894 3327 2059 3367 anno
2116 3308 2407 3368 secundo.

730 3650 873 3711 Dec.
905 3649 1214 3711 17.--The
1243 3648 1495 3739 Bishop,
1526 3647 1597 3707 in
1622 3648 1925 3728 defereme
1955 3654 2012 3708 to
2050 3648 2145 3709 the
2176 3655 2647 3709 remonstrances
2682 3648 2752 3727 of
2788 3647 2884 3708 the
2910 3647 3187 3739 'Chapter

973 3728 2510 3891 {wast-‚mrezuram?
2523 3736 2604 3870 ἐξ
2628 3729 2967 3871 md
2982 3736 3189 3790 mm

891 3981 1182 4051 Thomas,
1223 3987 1360 4052 etc„
1403 3980 1694 4041 Dominis
1735 3980 2025 4060 Capitulo
2064 3980 2343 4060 ejusdem
2392 3980 2691 4051 Ecclesie,
2737 3981 3023 4051 salutem,
3064 3986 3181 4041 etc.

727 4086 1160 4149 Sollicitudine
1214 4086 1545 4166 pastoralis
1601 4085 1786 4147 officii
1854 4092 2041 4165 prout
2110 4086 2365 4147 statutis
2434 4087 2751 4147 canonicis
2818 4086 3181 4165 obligamur,

725 4193 915 4253 saluti
979 4191 1181 4271 gregis
1240 4191 1420 4252 nobis
1482 4212 1521 4251 a
1583 4192 1720 4252 Deo
1785 4192 2104 4253 commissi
2168 4212 2281 4272 pro
2335 4191 2571 4252 viribus
2624 4191 3006 4261 insistenteS,
3063 4191 3183 4251 hoc

730 4317 978 4377 semper
1031 4297 1386 4377 optavimus
1442 4304 1504 4356 et
1558 4304 1855 4374 optamus
1910 4306 1981 4357 ut
2038 4297 2320 4357 Ecclesie
2384 4304 2595 4357 nostre
2656 4298 2912 4375 negocia
2974 4303 3181 4357 vestro

729 4404 1008 4473 consili0,
1067 4401 1299 4463 auxilio
1352 4403 1588 4481 pariter
1642 4416 1705 4462 et
1762 4422 2045 4474 assensu,
2099 4402 2483 4462 unanimiter
2532 4401 2899 4480 dirigantur,
2950 4406 3023 4462 ut
3072 4420 3183 4463 sue

727 4509 1050 4570 libertates
1105 4528 1215 4587 per
1269 4508 1482 4568 omnia
1539 4515 1836 4568 maneant
1892 4508 2150 4579 illibate,
2195 4514 2259 4568 et
2316 4527 2431 4568 nos
2492 4509 2555 4566 in
2613 4506 2874 4567 districti
2937 4506 3181 4568 Judicis

729 4614 1018 4677 examine
1046 4614 1453 4675 villicacionis
1495 4621 1705 4675 nostre
1749 4632 1907 4674 sana
1948 4614 2339 4675 consciencia
2364 4613 2677 4693 possimus
2706 4612 2963 4674 reddere
2990 4602 3199 4674 libere⁸

726 4722 1064 4783 racionem.
1173 4718 1404 4780 Verum
1468 4740 1611 4780 cum
1679 4739 1806 4789 voe,
1870 4720 1951 4779 in·
1994 4718 2377 4797 adjutorium
2448 4718 2767 4797 regiminis
2828 4718 3174 4790 convocati,

727 4827 1114 4906 trepidantes
1155 4826 1232 4885 de
1274 4826 1616 4904 prejudicio
1660 4825 1765 4885 ubi
1809 4827 1997 4885 timor
2038 4846 2163 4886 non
2208 4834 2405 4897 extat,
2436 4824 2615 4905 quasi
2659 4844 2897 4885 errores
2924 4825 3173 4883 devian-

705 4934 915 5005 cium,
946 4940 1017 4993 ut
1059 4932 1262 5011 prima
1301 4932 1460 4992 facie
1490 4933 1754 5005 videtur,
1785 4934 2224 5012 approbanteS,
2254 4952 2398 4993 cum
2440 4932 2532 4991 eis
2574 4950 2697 4991 non
2740 4930 3033 4991 resistitis
3060 4950 3176 4991 nec
