3619 5868
1187 527 1488 609 Episcopi
1540 529 2021 609 Hercfordcnsis.
2749 533 2830 594 83

377 776 592 840 Letter
657 786 714 839 to
779 778 876 839 the
940 778 1174 858 bailzffs
1231 779 1303 858 of
1362 780 1666 859 Hereford
1731 779 2049 859 requirinq
2114 780 2507 860 satisfaction
2569 783 2678 863 for
2734 784 2833 845 the

624 858 928 921 violation
971 860 1041 939 of
1087 859 1522 921 ecclesiastical
1559 860 1757 939 riqhts
1798 860 1871 921 in
1915 860 2191 941 resminq
2234 869 2293 923 to
2341 862 2507 923 hand
2550 884 2689 925 over
2736 865 2834 926 the

628 940 767 1019 keys
809 942 880 1021 os
916 940 1013 1001 the
1057 940 1202 1020 Gity
1243 940 1470 1020 duo-inq
1515 940 1612 1002 the
1640 941 1969 1021 fair-time.

539 1096 674 1157 Pno
731 1114 1048 1157 nunmms
1105 1096 1356 1157 Doumt
1400 1097 2346 1160 Hususoauuusrs-—Waltero
2386 1099 2464 1159 de
2504 1099 2567 1159 la
2612 1100 2829 1174 Barre,

367 1200 719 1281 Reginaldo
779 1201 1187 1273 Maniworde,
1246 1201 1515 1263 Ricardo
1569 1203 1629 1263 le
1685 1203 1952 1275 Husser‚
2005 1204 2249 1266 ballivis
2306 1211 2368 1264 et
2426 1205 2565 1266 aliis
2619 1207 2834 1284 probis

373 1309 738 1371 hominibus
769 1306 1334 1370 Herefordensibus
1376 1308 1646 1369 salutem
1680 1309 1746 1367 in
1789 1310 2016 1370 salutis
2058 1309 2350 1371 Auctore.
2445 1310 2624 1382 Cum,
2670 1311 2833 1373 sicut

369 1414 706 1476 didicimus
787 1434 826 1475 a
908 1414 1141 1475 nostris
1222 1413 1512 1474 fidelibus
1594 1420 1658 1476 et
1741 1414 1989 1493 juratis,
2075 1416 2544 1494 predecessores
2612 1418 2829 1490 nostri,

377 1520 684 1601 Episcopi
742 1520 1259 1593 Hereiordense8‚
1319 1538 1435 1581 suo
1490 1524 1552 1581 et
1607 1520 1891 1581 Ecclesie
1950 1526 2162 1581 nostre
2222 1522 2494 1591 nomine.
2559 1523 2627 1582 in
2689 1542 2829 1602 pos-

381 1625 664 1687 sessione
704 1626 812 1687 ve}
847 1624 1028 1706 quasi
1064 1624 1255 1703 hujus
1297 1624 1604 1686 libertatis
1645 1626 1965 1686 extiterint
2009 1625 2089 1687 ab
2144 1626 2420 1706 antiquo,
2474 1626 2585 1708 [et]
2645 1628 2828 1689 anuis

373 1731 640 1811 singulis
698 1738 980 1810 tempore
1037 1730 1461 1791 nundinarum
1521 1730 1738 1792 Sancti
1791 1730 2151 1792 Ethelberti
2205 1732 2707 1805 Herefordensis,
2765 1734 2830 1793 in

371 1836 656 1917 ipsarum
718 1836 906 1897 inicio
995 1836 1269 1898 civitatis
1327 1836 1811 1897 Hereiordensis
1872 1842 2191 1915 portarum
2264 1843 2328 1898 et
2386 1838 2655 1899 clavium
2730 1858 2831 1900 ea-

371 1943 640 2003 rundem
710 1942 998 2003 custodia
1046 1942 1292 2003 ballivis
1347 1942 1624 2021 ipsorum
1682 1942 2139 2021 Episcoporum
2197 1943 2359 2004 tradi
2414 1938 2828 2017 consueverit,

373 2047 668 2109 habenda
708 2048 968 2127 pacifice
1009 2054 1072 2109 et
1113 2049 1325 2129 quiete
1366 2046 1738 2109 durantibus
1780 2048 2080 2109 nundinis
2126 2050 2531 2121 memoratis;
2582 2068 2711 2121 vos,
2756 2058 2830 2111 ut

373 2140 753 2234 accepimus,
795 2156 863 2215 in
906 2154 1188 2235 proximo
1227 2154 1542 2234 preteritis
1584 2156 1883 2216 nundinis
1942 2155 2159 2217 Sancti
2201 2155 2555 2217 Ethelberti
2597 2157 2832 2219 dictam

368 2261 722 2323 custodiam
793 2268 858 2323 et
926 2262 1135 2323 claves
1204 2262 1268 2321 in
1339 2261 1540 2322 forma
1607 2262 1890 2341 predicta
1952 2261 2183 2323 nostris
2244 2262 2491 2323 ballivis
2558 2263 2822 2326 liberare

374 2374 598 2429 contra
667 2367 988 2446 justiciam
1066 2367 1427 2439 recusastis,
1503 2368 1647 2429 licet
1729 2387 1917 2446 super
1997 2366 2115 2428 hoc
2195 2387 2309 2447 per
2375 2387 2482 2429 eos
2550 2368 2832 2431 fuissetis

365 2465 603 2545 pluries
661 2465 962 2544 requisiti.
1067 2464 1350 2544 Cumque
1408 2465 1676 2526 dilectus
1733 2463 1919 2536 filius,
1965 2464 2263 2526 Officialis
2320 2472 2553 2537 noster,
2597 2486 2708 2528 vos
2762 2468 2830 2528 in

367 2570 542 2631 dicta
583 2570 1089 2631 contradiccione
1132 2570 1468 2649 perdurare
1510 2572 1916 2649 conspiceret,
1961 2588 2071 2631 vos
2126 2569 2427 2631 canonice
2480 2572 2724 2632 monuit
2766 2577 2831 2633 et

371 2677 697 2737 curialiter
737 2676 1059 2756 requisivit
1101 2682 1172 2737 ut
1208 2676 1452 2737 ballivis
1487 2677 1717 2737 nostris
1759 2684 1977 2737 nostro
2009 2676 2263 2737 nomine
2294 2676 2558 2737 liberare
2596 2676 2832 2739 dictam

369 2784 726 2844 custodiam
797 2784 1138 2844 secundum
1224 2782 1396 2862 prius
1479 2790 1805 2862 optentam
1882 2782 2399 2844 consuetudinem
2484 2784 2827 2857 curaretis;

372 2890 540 2969 quod
589 2896 804 2951 tamen
847 2888 1153 2951 hacteuus
1195 2888 1490 2950 renuistis
1531 2888 1754 2961 facere,
1785 2888 1851 2949 in
1894 2896 2179 2950 nostrum
2217 2894 2282 2950 et
2315 2888 2574 2950 ecclesie
2614 2896 2830 2952 nostre

369 2997 788 3076 prejudicium
852 3017 976 3058 non
1043 2997 1358 3058 modicum
1421 3015 1494 3056 ac
1552 3006 1901 3057 vestrarum
1962 2996 2307 3075 periculum
2364 2995 2713 3057 animarum
2762 3003 2828 3057 et

369 3107 826 3182 contemptum.
931 3102 1090 3163 Cum
1148 3102 1362 3182 itaque
1417 3102 1774 3163 libertatum
1832 3109 1894 3162 et
1949 3101 2182 3180 jurium
2239 3100 2524 3162 Ecclesie
2576 3101 2642 3161 in
2683 3121 2821 3182 pre-

379 3209 592 3269 missis
661 3213 770 3268 aut
840 3209 977 3269 aliis
1047 3209 1412 3287 spoliatores
1474 3225 1602 3269 nou
1671 3208 1929 3268 dubium
1994 3208 2077 3268 sit
2138 3207 2523 3268 sentenciam
2586 3227 2830 3268 excom-

367 3315 824 3376 municacionis
907 3315 1241 3386 incurrere,
1314 3315 1459 3375 licet
1541 3322 1817 3376 vestram
1898 3313 2395 3375 inobedienciam
2470 3313 2828 3374 induratam

377 3419 920 3481 animadversione
981 3419 1151 3498 gravi
1209 3420 1430 3500 punire
1497 3439 1846 3499 possemus,
1901 3419 2185 3480 volentes
2246 3426 2459 3480 tamen
2516 3438 2662 3498 erga
2718 3438 2831 3480 vos

367 3525 584 3585 mitius
641 3545 822 3604 agere
877 3525 941 3584 in
1000 3527 1120 3586 hac
1175 3530 1373 3604 parte,
1433 3544 1544 3586 vos
1598 3525 1827 3586 iterum
1884 3525 2257 3607 requirimus
2313 3533 2377 3585 et
2433 3525 2498 3584 in
2556 3524 2830 3586 Domino

369 3650 704 3692 monemus
757 3632 1052 3712 quatinus
1095 3631 1253 3691 citra
1310 3631 1569 3692 Festum
1623 3631 1839 3693 Sancti
1896 3631 2067 3691 Petri
2124 3631 2203 3692 ad
2252 3631 2503 3693 vincula
2542 3630 2828 3710 proximo

367 3755 639 3817 sequens
721 3756 911 3815 super
987 3737 1484 3814 transgressione
1554 3736 1837 3816 predicta
1904 3735 2085 3796 nobis
2152 3742 2216 3796 et
2286 3736 2547 3797 ecclesie
2616 3740 2831 3797 nostre

366 3844 601 3904 curetis
644 3842 1005 3903 satisfacere
1048 3849 1497 3920 competenter.
1586 3843 1876 3922 Alioquin
1912 3841 1992 3902 ad
2022 3851 2296 3902 vestram
2335 3839 2829 3902 inobedienciam

367 3957 436 4010 et
480 3948 834 4027 superbiam
876 3947 1261 4027 puniendam
1303 3966 1412 4027 per
1455 3949 1778 4027 utriusque
1823 3946 2059 4008 brachii
2101 3951 2481 4027 potestatem
2517 3952 2831 4026 quatenus

367 4056 718 4135 poterimus
748 4061 1003 4115 auctore
1042 4053 1316 4115 Domino
1345 4052 1772 4133 procedemus.
1846 4052 2011 4128 Quid
2042 4063 2253 4112 autem
2296 4069 2484 4131 super
2510 4051 2829 4130 premissis

365 4159 573 4222 facere
617 4159 936 4221 volueritis
977 4158 1158 4220 nobis
1199 4177 1310 4238 per
1351 4159 1611 4220 latorem
1649 4158 2042 4237 presencium
2082 4157 2462 4218 rescribatis.

367 4416 524 4494 Juzy
576 4415 1012 4478 8.—Mamlate
1057 4422 1113 4475 to
1155 4415 1328 4476 Luke
1369 4415 1442 4476 dc
1482 4415 1635 4475 Broc
1677 4420 1735 4474 to
1776 4412 1997 4474 ins-tall
2036 4411 2333 4473 Edmund
2386 4411 2707 4472 Mortimcr
2762 4410 2835 4472 in

619 4495 715 4557 the
747 4495 1016 4576 prebend
1056 4497 1309 4557 vacated
1351 4495 1427 4574 by
1455 4496 1632 4557 Peter
1672 4495 1746 4554 de
1786 4493 2063 4564 Radnor,
2106 4493 2233 4553 and
2273 4493 2403 4554 also
2445 4491 2729 4553 Richard
2760 4491 2836 4553 de

620 4576 935 4656 Str-acford
977 4577 1048 4636 in
1089 4576 1223 4638 that
1263 4576 1516 4638 vacated
1565 4576 1640 4654 by
1683 4575 1980 4636 Edmuml
2019 4573 2357 4634 Mortimcr.

533 4733 830 4806 Thomas,
869 4738 1013 4805 etc„
1049 4733 1348 4812 magistro
1391 4731 1616 4816 L[uce]
1655 4732 1733 4793 de
1775 4732 1958 4803 Bree,
1996 4729 2315 4791 Canonico
2358 4726 2826 4800 Herefordensi,

369 4839 662 4910 salutem,
727 4844 847 4900 etc.
957 4838 1120 4914 Quia
1183 4839 1412 4901 dilecto
1480 4839 1627 4910 filio,
1700 4837 1954 4898 domino
2016 4834 2356 4897 Edmundo
2424 4833 2501 4894 de
2574 4833 2826 4894 Mortuo

371 4945 562 5016 Mari,
613 4944 994 5024 prebendam
1037 4965 1158 5026 que
1199 4945 1318 5006 fuit
1361 4944 1640 5024 magistri
1682 4943 1852 5004 Petri
1895 4942 1974 5004 de
2015 4942 2388 5004 Radenoure
2427 4940 2494 5001 in
2534 4939 2826 5001 Ecclesia
