3619 5868
45 2780 172 2821 1201.
209 2782 277 2820 18.

1223 508 1526 589 Episcopi
1578 510 2062 590 Herefordensis.
2793 518 2872 579 51

401 730 630 791 March
657 736 754 803 11,
784 733 1496 811 1272.—Confirmation
1523 736 1592 815 of
1617 736 1714 797 the
1742 756 1907 797 same
1933 738 2008 815 by
2040 738 2206 799 John
2236 738 2286 800 lc
2316 740 2559 801 Breton.

570 890 882 953 Omnibus
914 891 1144 953 Sancte
1177 892 1402 951 Matris
1431 892 1716 953 Ecclesie
1745 892 1891 952 filiis
1917 892 1957 953 J
1962 892 2261 965 ohannes,
2288 895 2407 955 Dei
2435 896 2643 974 grecia
2672 874 2871 958 Here·

401 996 714 1057 fordensis
755 998 1041 1059 Ecclesie
1086 998 1370 1058 minister
1412 998 1689 1069 humilis,
1735 999 2006 1059 salutem
2049 998 2116 1059 in
2158 1000 2451 1060 Domino,
2558 1001 2871 1077 Quoniam

402 1104 838 1183 religiosorum
881 1104 1037 1175 loca,
1084 1110 1204 1165 etc.
1294 1103 1563 1183 Insuper
1604 1104 1996 1177 collaciones,
2042 1107 2497 1177 concessiones,
2544 1108 2870 1167 confirma-

400 1208 618 1270 ciones
645 1218 708 1269 et
739 1227 958 1269 omnes
1000 1209 1158 1271 alias
1201 1208 1525 1270 libertates
1569 1216 1698 1270 tam
1742 1230 1779 1269 a
1821 1210 2361 1289 predecessoribus
2405 1212 2637 1273 nostris
2680 1232 2871 1292 quam

405 1315 489 1378 ab
517 1317 809 1378 omnibus
840 1316 981 1377 aliis
1009 1315 1484 1396 quibuscunque
1513 1315 1747 1377 eisdem
1777 1316 2080 1395 religiosis
2122 1316 2187 1375 in
2221 1323 2437 1377 nostra
2465 1317 2697 1378 diocesi
2726 1338 2870 1379 con-

401 1442 616 1483 cessas
659 1422 896 1483 eisdem
941 1420 1169 1482 Abbati
1211 1428 1274 1481 et
1316 1422 1655 1482 conventui
1700 1422 1915 1483 Sancti
1958 1422 2128 1483 Petri
2171 1422 2583 1495 Gloucestrie,
2635 1425 2872 1503 absque

399 1536 622 1590 nostra
678 1547 1186 1589 successorumve
1233 1533 1589 1589 nostrorum
1643 1528 2118 1599 reclamacione,
2176 1528 2701 1601 contradiccione,
2760 1550 2871 1591 seu

399 1635 682 1715 qualibet
715 1634 1212 1713 perturbacione,
1245 1634 1609 1714 Episcopali
1654 1634 2029 1695 auctoritate
2079 1634 2144 1693 in
2197 1653 2349 1694 usus
2397 1636 2681 1713 proprios
2723 1655 2867 1695 con-

401 1741 706 1812 cedimus,
752 1746 816 1800 et
859 1759 1027 1799 nunc
1057 1746 1121 1800 et
1149 1739 1324 1818 prius
1353 1759 1654 1801 concessa
1681 1740 2165 1813 confirmamus;
2210 1741 2385 1801 salva
2414 1741 2778 1821 Episcopeli
2804 1746 2871 1803 et

401 1846 892 1908 Herefordensis
921 1844 1206 1906 Ecclesie
1237 1846 1561 1925 dignitate.
1649 1847 1885 1908 Datum
1916 1847 2306 1920 Herefordie,
2338 1848 2397 1909 V
2424 1848 2579 1909 Idus
2625 1848 2869 1922 Marcii,
2984 1854 2995 1863 '

399 1972 571 2014 anno
601 1952 804 2032 gracie
835 1952 1300 2015 M0GG0LXXJ
1309 1953 1360 2024 ⁰,
1394 1953 1802 2031 pontificatus
1831 1954 2029 2014 nostri
2056 1972 2223 2013 anno
2250 1953 2461 2013 tercie.

396 2220 586 2301 April
640 2226 736 2291 30,
795 2221 1428 2282 1276.-Instituti0n
1470 2228 1528 2281 to
1581 2221 1678 2281 the
1727 2219 2019 2297 Vicaraye
2058 2220 2129 2299 of
2183 2220 2382 2279 Yazor
2423 2221 2493 2298 of
2542 2218 2759 2279 Simon
2796 2219 2870 2279 de
2964 2268 2971 2274 .

645 2302 937 2373 Fekham,
987 2302 1202 2381 priest,
1253 2302 1570 2381 presented
1621 2302 1696 2379 by
1755 2301 1853 2361 the
1892 2300 2116 2379 Priory
2158 2301 2229 2379 of
2275 2300 2588 2379 Llantony
2636 2300 2867 2379 prim.

645 2383 944 2443 Mandata
972 2384 1043 2455 of
1076 2383 1416 2443 induction.

563 2538 603 2599 J
605 2537 1394 2609 sunnonem—Thomas,
1466 2542 1608 2609 etc.,
1684 2536 1945 2616 Symoni
2014 2536 2092 2598 de
2154 2536 2435 2597 Fekham
2498 2536 2866 2615 presbiter0,

398 2643 694 2714 salutem,
739 2650 860 2703 etc.
975 2642 1072 2703 Ad
1125 2642 1422 2703 vicariam
1481 2640 1740 2702 ecclesie
1797 2640 1875 2701 de
1931 2640 2316 2701 Jauesauere
2373 2648 2725 2711 vacantem,
2786 2640 2868 2701 ad

399 2750 942 2829 presentacionem
1012 2748 1246 2810 Prioris
1315 2753 1379 2809 et
1451 2748 1816 2810 Conventus
1898 2745 2209 2808 Lentonis
2285 2748 2505 2826 prime,
2578 2766 2869 2809 verorum

396 2866 807 2936 patronorum
865 2855 1172 2934 ejusdem,
1241 2852 1351 2938 [te]
1428 2853 1822 2915 admittimus
1878 2859 1943 2914 et
2000 2853 2300 2914 canonice
2356 2852 2751 2914 instituimus
2800 2853 2867 2913 in

396 2961 636 3023 eadem.
724 2961 802 3022 In
849 2960 1048 3041 cujus,
1093 2967 1214 3021 etc.
1305 2961 1542 3022 Datum
1586 2959 1952 3031 Londoniis,
1997 2959 2039 3038 ij
2088 2959 2411 3021 Kalendas
2456 2959 2630 3020 Maii.

563 3092 940 3154 Mandatum
1010 3100 1108 3154 est
1175 3092 1442 3155 Officiali
1510 3092 1678 3172 quod
1733 3091 1950 3152 mittat
2020 3091 2287 3152 eundem
2353 3091 2421 3151 iu
2478 3092 2867 3171 corporalem

395 3199 886 3279 possessionem.

395 3457 550 3536 May
595 3455 1179 3534 8.—Adjour⁴nment
1219 3454 1290 3532 of
1340 3452 1436 3513 the
1469 3457 1760 3532 payment
1801 3451 1873 3530 of
1918 3469 2027 3510 one
2085 3447 2361 3509 hundred
2415 3446 2703 3525 skillinqs
2746 3446 2865 3507 due

627 3538 799 3617 from
841 3536 938 3597 the
979 3535 1141 3594 Earl
1177 3535 1248 3614 os
1282 3533 1583 3613 Heresord
1613 3533 1721 3612 sor
1761 3551 1802 3592 a
1840 3532 2024 3610 relies
2056 3531 2127 3609 of
2170 3529 2268 3590 the
2308 3549 2523 3589 manor
2563 3529 2633 3608 os
2665 3528 2863 3588 Little

640 3617 959 3697 Hereford.

562 3772 788 3834 Couns
819 3768 1473 3848 Hasnsonn1n.-viij
1506 3767 1660 3829 Idus
1703 3766 1861 3827 Maii
1896 3766 2081 3826 datus
2122 3769 2220 3826 est
2262 3771 2586 3844 respectus
2630 3761 2861 3823 Comiti

397 3879 775 3942 Herefordie
815 3896 1015 3957 usque
1057 3878 1138 3937 ad
1179 3875 1562 3957 quindenam
1607 3873 1825 3934 Sancti
1872 3871 2199 3932 Michaelis
2227 3870 2305 3931 de
2332 3879 2589 3930 centum
2618 3869 2855 3939 solidis,

395 4005 558 4068 quos
580 3984 936 4062 recognovit
959 3983 1023 4044 in
1049 3983 1376 4044 Scaccario
1406 3979 1660 4041 Domini
1690 3977 1879 4057 Regis
1905 3997 1974 4039 se
2003 3978 2228 4039 debere
2258 3977 2513 4037 domino
2543 3975 2858 4054 Episcopo

394 4091 652 4152 nomine
695 4089 910 4150 relevii
953 4107 1066 4168 pro
1111 4086 1393 4148 manerio
1437 4087 1515 4147 de
1551 4086 1755 4146 Parva
1802 4083 2180 4145 Herefordia
2222 4083 2390 4163 quod
2434 4082 2601 4142 idem
2633 4080 2861 4143 Comes

393 4205 570 4261 tenet
601 4197 680 4257 de
707 4196 878 4257 dicto
908 4195 1242 4274 Episcopo,

395 4454 548 4532 May
597 4450 989 4514 7.—Licence
1032 4456 1090 4510 to
1131 4447 1393 4509 Brother
1435 4446 1602 4508 John
1641 4447 1712 4526 os
1759 4445 1858 4506 the
1900 4442 2197 4524 Hospital
2236 4443 2309 4504 de
2350 4441 2492 4503 Alto
2534 4440 2757 4502 Paccio
2801 4448 2859 4501 to

638 4532 846 4594 collect
873 4531 1028 4592 alm-3
1057 4529 1128 4590 in
1157 4529 1254 4590 the
1281 4529 1529 4589 diocese.

559 4689 781 4748 Araus
812 4683 1650 4746 Pisana—Memoradum
1691 4681 1860 4763 quod
1888 4680 2084 4742 frater
2108 4679 2149 4741 J
2153 4679 2434 4741 ohannes
2463 4678 2539 4738 de
2568 4676 2853 4750 Camers,

391 4795 590 4856 frater
616 4791 972 4871 Hospitalis
1001 4790 1078 4850 de
1109 4790 1254 4850 Alto
1282 4790 1508 4850 Passu¹
1529 4788 1750 4849 habuit
1776 4787 2024 4848 litteras
2066 4785 2323 4847 Domini
2362 4783 2479 4846 sub
2506 4784 2661 4844 dats.
2688 4782 2850 4863 apud

518 4929 686 4970 l—The
717 4925 936 4974 Hospita!
963 4929 1015 4966 at
1041 4925 1351 4966 Alto-Pascio
1382 4935 1486 4966 was
1517 4922 1663 4964 about
1697 4920 1908 4968 halfway
1942 4920 2154 4964 between
2191 4920 2347 4961 Lacca
2380 4917 2475 4961 and
2512 4915 2708 4958 Pistoia.
2787 4916 2858 4957 Its

385 4980 640 5023 collectore
663 4989 788 5019 were
813 4975 946 5019 often
971 4975 1177 5017 licensed
1201 4981 1254 5016 to
1278 4974 1460 5016 receive
1485 4975 1608 5015 alme
1635 4972 1682 5012 in
1709 4972 1907 5019 English
1932 4971 2159 5012 dioceses.
