3619 5868
486 843 586 887 Fol.
612 849 677 889 ⁷⁰.

796 488 916 547 288
1430 488 1785 566 Reqistrum
1843 488 2062 549 Thome
2115 488 2190 549 de
2251 487 2583 567 Gantilupo

793 710 1051 783 cesium,
1084 713 1398 774 associata
1440 712 1559 774 sibi
1601 713 2006 774 multitudine
2047 721 2456 784 armatorum,
2489 714 2872 774 territorium
2909 714 2991 774 de
3029 713 3286 792 Chyre-

793 818 973 897 bury,
1040 819 1387 897 Albrebury
1452 819 1999 889 monasteriorum,
2065 826 2130 879 et
2202 818 2648 879 nonnullarum
2717 820 3138 879 ecclesiarum
3215 828 3288 878 et

795 924 1359 986 ecclesiasticarum
1403 944 1815 1005 personarum
1880 925 2362 987 Herefordensis
2421 926 2687 987 diocesis
2744 927 3064 987 intrantes
3123 925 3286 985 hos-

796 1030 1010 1102 tiliter,
1072 1032 1273 1109 captis
1330 1032 1651 1092 nonnullis
1708 1031 1951 1093 clericis
2013 1031 2295 1109 ejusdem
2358 1031 2648 1103 diocesis,
2714 1050 2874 1093 ausu
2931 1032 3280 1109 nephar-ie,

791 1144 854 1198 et
925 1137 1397 1217 quampluribus
1470 1137 1848 1199 animalibus
1917 1138 2442 1198 monasteriorum
2511 1144 2575 1197 et
2644 1136 3056 1197 ecclesiarum
3129 1154 3282 1214 pre·

793 1241 1104 1301 dictarum
1162 1242 1447 1303 abductis
1506 1243 1571 1301 in
1621 1241 1905 1320 predam,
1957 1241 2196 1311 domos,
2247 1240 2448 1312 blada,
2493 1245 2557 1301 et
2605 1239 2729 1301 alia
2769 1239 2938 1299 bona
2977 1239 3284 1317 ipsorum

794 1348 1080 1426 nequiter
1123 1348 1592 1419 destruxerunt,
1628 1349 1694 1407 in
1736 1346 1963 1425 prefati
2006 1346 2305 1426 Episcopi
2347 1352 2410 1407 et
2451 1346 2735 1407 Ecclesie
2773 1344 3284 1406 Herefordensis

792 1453 1207 1531 prejudicium
1252 1461 1315 1514 et
1357 1473 1728 1533 gravamen;
1760 1459 2013 1532 propter
2040 1452 2206 1532 quod
2249 1452 2456 1513 dictus
2499 1452 2852 1531 Episcopus
2891 1451 2960 1509 in
3001 1450 3280 1511 eosdem

792 1558 1247 1632 malefactores,
1298 1560 1447 1621 dum
1507 1560 1713 1621 adhuc
1756 1560 1922 1620 infra
1975 1559 2324 1639 predictam
2382 1558 2680 1619 diocesim
2736 1558 3105 1628 existerent,
3159 1557 3280 1637 qui

789 1664 1016 1725 moniti
1072 1664 1401 1744 diligenter
1458 1666 1537 1726 ab
1591 1685 1664 1726 eo
1723 1666 1799 1726 de
1858 1665 2105 1744 injuriis
2165 1665 2282 1727 sibi
2341 1669 2404 1726 et
2465 1664 2912 1725 Hereiordensi
2973 1665 3281 1725 Ecclesie

792 1788 979 1847 super
1019 1770 1339 1847 premissis
1397 1769 1592 1830 illatis
1648 1770 2013 1831 satisfacere
2067 1770 2521 1831 contumaciter
2571 1788 2694 1829 non
2747 1776 3068 1840 curarunt,
3116 1789 3276 1830 cum

788 1874 981 1935 nichil
1046 1875 1424 1936 racionabile
1482 1886 1904 1954 proponerent
1967 1895 2161 1955 quare
2231 1876 2295 1936 id
2357 1876 2562 1936 facere
2629 1876 2948 1947 deberent,
3008 1882 3076 1935 et
3149 1876 3280 1936 hec

788 1988 1001 2041 essent
1043 1981 1133 2041 ita
1174 1981 1416 2042 notoria
1457 1981 1624 2061 quod
1667 1981 1843 2041 nulla
1885 1986 2142 2060 possent
2187 1982 2702 2060 tergiversacione
2743 1981 2951 2052 celari,
2985 1982 3273 2041 auctori-

788 2092 918 2147 tate
974 2086 1291 2147 ordinaria
1346 2087 2020 2147 excommunicacionis
2078 2087 2464 2147 sentenciam
2519 2087 2958 2165 promulgavit,
3002 2087 3277 2165 justicia

788 2194 1112 2269 exigent03
1158 2212 1347 2273 quam
1394 2194 1751 2272 Apostolico
1788 2193 1969 2272 petiit
2010 2194 2358 2253 munimine
2400 2192 2696 2253 roborari.
2783 2192 3094 2267 Quocirca
3135 2193 3270 2255 dis·

790 2297 1060 2359 crecioni
1104 2303 1212 2357 tue
1254 2317 1365 2376 per
1408 2298 1769 2377 Apostolica
1813 2299 2046 2377 scripta
2101 2298 2480 2359 mandamus
2528 2298 2826 2377 quatinus
2867 2301 3272 2358 sentenciam

786 2404 1014 2483 ipsam,
1083 2404 1245 2463 sicut
1312 2402 1777 2464 racionabiliter
1840 2409 1938 2465 est
1999 2404 2269 2482 prolata,
2334 2403 2532 2464 facias
2593 2404 2974 2463 auctoritate
3043 2412 3272 2465 nostra

792 2528 992 2590 usque
1052 2509 1131 2569 ad
1186 2508 1690 2569 satisfaccionem
1740 2509 2135 2587 condignam,
2196 2508 2626 2587 appellacione
2677 2514 2940 2579 remota,
2999 2509 3270 2569 inviola-

786 2615 994 2675 biliter
1037 2614 1373 2676 observari.
1461 2616 1701 2675 Datum
1748 2616 1967 2688 Rome,
2012 2615 2319 2676 Kalendis
2357 2616 2398 2677 J
2401 2615 2553 2687 unii,
2601 2614 3016 2675 Pontificatus
3056 2615 3269 2676 nostri

787 2742 955 2783 anno
995 2722 1217 2801 primo,

784 3045 937 3122 May
982 3047 1081 3114 13,
1125 3047 1282 3105 1281
1292 3043 1440 3104 .-A
1498 3046 1769 3123 notans-s
1828 3042 2164 3122 transcript
2204 3043 2374 3122 from
2423 3042 2520 3103 the
2561 3042 2690 3120 Ray
2693 3041 2842 3103 ister
2883 3042 2954 3121 of
2989 3041 3257 3113 Germ-d,

1036 3090 1341 3185 G’ardinal
1396 3125 1467 3205 of
1517 3125 1838 3195 Sabinum,
1897 3124 1968 3204 of
2015 3145 2058 3184 a
2116 3124 2287 3185 letter
2329 3123 2500 3203 from
2559 3063 2690 3184 they
2712 3123 2966 3184 Proctor
3027 3123 3097 3202 of
3155 3123 3260 3183 the

1032 3204 1268 3285 Bishop
1338 3206 1410 3286 of
1476 3206 1568 3266 St.
1640 3172 1873 3285 Asaplz,
1943 3204 2212 3266 received
2285 3204 2436 3282 July
2511 3207 2861 3274 29,1280,
2937 3203 3254 3282 notifyinq

1033 3285 1131 3347 the
1186 3286 1408 3365 appeal
1474 3286 1545 3366 of
1608 3285 1704 3346 the
1766 3284 2004 3365 Bishop
2065 3285 2136 3364 os
2190 3284 2508 3364 Heresord,
2563 3284 2690 3344 and
2749 3284 3094 3362 requestinq
3155 3284 3258 3346 the

1030 3388 1070 3427 a
1190 3367 1449 3428 intment
1490 3367 1561 3447 of
1592 3387 1677 3427 an
1718 3367 2001 3427 Auditor.
2089 3366 2239 3426 This
2271 3366 2441 3426 letter
2465 3385 2591 3426 was
2623 3365 3009 3426 transmitted
3055 3373 3111 3426 to
3153 3365 3257 3426 the

1035 3387 1339 3508 ffliml
1393 3447 1469 3526 by
1526 3447 1927 3508 instructions
1970 3447 2142 3527 from
2197 3447 2294 3508 the
2347 3447 2530 3526 Pope.

949 3629 1146 3692 Coma
1188 3647 1527 3690 cususnam
1571 3647 2028 3690 commemor-us
2069 3647 2138 3689 m
2181 3646 2386 3689 CAUSA
2427 3645 2678 3688 courRA
2713 3627 3258 3688 AssAvnusnM.—

785 3733 864 3793 In
908 3734 1161 3796 nomine
1212 3735 1487 3807 Domini,
1531 3736 1751 3796 Amen.
1847 3735 1988 3796 Hec
2036 3740 2133 3796 est
2183 3734 2362 3814 copia
2410 3733 2738 3813 cujusdam
2787 3733 3256 3795 commissionis

782 3840 946 3900 facte
988 3841 1356 3903 Reverendo
1398 3842 1589 3914 Patri,
1635 3842 1911 3903 Domino
1953 3841 2251 3912 Gerardo,
2296 3840 2414 3901 Dei
2456 3840 2664 3920 gracia
2711 3839 3030 3919 Episcopo
3075 3838 3252 3900 Sabi-

783 3945 983 4018 nensi,
1014 3946 1165 4006 dum
1199 3953 1333 4008 erat
1373 3948 1646 4009 Basilice
1687 3948 1769 4028 xij
1808 3947 2251 4027 Apostolorum
2292 3945 2600 4025 presbiter
2641 3944 3024 4016 Cardinalis;
3067 3945 3254 4024 cujus

787 4055 970 4111 tenor
1005 4051 1151 4113 talis
1190 4052 1575 4124 est,—Anno
1619 4053 1878 4114 Domini
1925 4051 2438 4122 M⁰CG⁰LXXX⁰,
2495 4050 2858 4111 Indiccione
2912 4050 3040 4130 viij,
3079 4051 3254 4110 xxix⁰

780 4156 880 4217 die
939 4158 1174 4219 mensis
1231 4158 1272 4219 J
1274 4159 1403 4230 ulii,
1461 4159 1876 4220 Pontificatus
1935 4158 2192 4220 Domini
2242 4157 2301 4217 N
2306 4157 2532 4218 icholai
2591 4157 2762 4235 Pape
2819 4156 3020 4216 Tercii
3081 4177 3252 4218 anno

784 4263 997 4334 tercio,
1029 4263 1309 4335 Viterbii,
1345 4263 1755 4343 Sigenbaldus
1793 4265 1871 4325 de
1905 4265 2150 4334 Parma,
2185 4262 2467 4342 ejusdem
2506 4260 2764 4322 Domini
2793 4261 2963 4340 Pape
2998 4260 3248 4334 Cursor,

779 4388 851 4428 ex
900 4373 1077 4447 parte
1123 4369 1321 4448 ipsius
1355 4371 1613 4430 Domini
1646 4371 1818 4449 Pape
1852 4368 2238 4449 presentavit
2270 4373 2335 4429 et
2376 4367 2633 4428 tradidit
2669 4366 3036 4427 Reverendo
3072 4366 3251 4426 Patri

780 4475 1056 4536 Domino
1118 4475 1451 4558 G[erardo]
1473 4523 1487 4548 ,
1546 4477 1816 4538 Basilice
1886 4477 1970 4556 xij
2025 4474 2469 4554 Apostolorum
2518 4471 2864 4552 presbitero
2913 4471 3246 4544 Cardinali,

782 4581 1098 4660 quandam
1141 4582 1425 4642 cedulam
1469 4582 1850 4662 infrascripti
1892 4581 2146 4652 tenoriS,
2178 4601 2365 4661 quam
2410 4579 2694 4641 cedulam
2723 4578 2889 4639 idem
2934 4578 3248 4640 Dominus

782 4684 1129 4747 Cardinalis
1173 4693 1527 4749 reverenter
1557 4689 1814 4767 recepit,
1843 4694 1908 4750 et
1941 4685 2446 4748 commissionem
2483 4683 2600 4745 sibi
2635 4683 2866 4744 factam
2901 4703 2940 4744 a
2972 4683 3250 4746 Domino

780 4791 955 4870 Papa
1009 4791 1075 4851 in
1134 4793 1351 4855 eadem
1407 4799 1760 4873 acceptans,
1803 4795 2148 4874 predictam
2203 4792 2486 4853 cedulam
2528 4810 2641 4870 per
2681 4810 2782 4851 me
2825 4790 3248 4851 Mantuanum

790 4897 1105 4958 notarium
1140 4918 1343 4972 suum,
1378 4899 1445 4959 in
1478 4900 1721 4962 actibus
1756 4900 1950 4979 redigi
1983 4903 2048 4961 et
2083 4897 2268 4959 scribi
2303 4895 2642 4956 mandavit.
2727 4895 2941 4974 Cujus,
2971 4895 3245 4974 quidem,
