3619 5868
413 4398 510 4440 1³01.
539 4400 603 4439 44.

741 511 858 569 154
1399 509 1754 588 Reqistrum
1813 507 2031 568 Thome
2083 506 2157 567 de
2216 505 2547 584 Cantilupo

735 734 998 796 ecclesie
1040 733 1116 794 de
1160 734 1372 807 Grete,
1419 733 1710 804 salutem,
1751 739 1871 793 etc.
1960 731 2119 794 Cum
2162 731 2455 792 dominus
2484 730 2805 791 Walterus
2847 728 2926 790 de
2967 729 3197 799 Balun,

738 840 938 912 miles,
1025 840 1102 900 ad
1187 839 1516 901 ecclesiam
1597 839 1678 899 de
1762 839 2000 916 Magna
2084 837 2411 916 Markleya
2496 853 2799 917 tanquam
2870 841 3201 897 vacantem

738 946 1106 1025 magistrum
1164 947 1566 1007 Aumaricum
1623 945 1702 1005 de
1746 946 1963 1024 Aveny
2006 964 2205 1023 nuper
2248 943 2726 1023 presentaverit,
2775 962 2849 1003 ac
2900 941 3197 1004 Officialis

735 1059 969 1124 noster,
1041 1053 1142 1112 cui
1199 1053 1446 1113 racione
1501 1051 1687 1112 officii
1745 1071 1933 1131 super
1986 1051 2323 1112 vacacione
2380 1051 2784 1111 ecclesiarum
2843 1051 2909 1108 in
2964 1047 3195 1108 diocesi

735 1157 1189 1219 Hereiordensi
1227 1158 1536 1219 hactenus
1573 1177 1821 1237 semper
1858 1157 2043 1218 scribi
2082 1157 2425 1228 consuevit,
2472 1155 2769 1236 predictis
2810 1152 3197 1234 presentant-i

735 1273 800 1325 et
861 1270 1246 1343 presentato,
1310 1272 1382 1325 ut
1445 1263 1890 1336 intelleximus,
1958 1264 2179 1324 merito
2242 1274 2575 1342 suspectus
2638 1262 2891 1332 existat,
2954 1280 3065 1339 pro
3124 1279 3199 1320 eo

735 1370 1011 1429 maxime
1065 1370 1229 1449 quod
1286 1388 1324 1428 a
1378 1368 1680 1449 religiosis
1722 1368 1890 1440 viris,
1945 1368 2185 1429 Abbate
2227 1373 2289 1428 et
2352 1369 2681 1429 Conventu
2736 1367 2814 1427 de
2857 1367 3046 1444 Lyra,
3091 1365 3200 1445 qui

734 1476 970 1537 dictam
1041 1475 1369 1536 ecclesiam
1441 1475 1518 1536 de
1591 1453 1825 1554 Magna
1895 1474 2224 1552 Markleya
2289 1473 2356 1534 in
2425 1473 2708 1553 proprios
2774 1491 2925 1533 usus
2986 1479 3201 1532 tenere

729 1583 1044 1654 dicuntur,
1117 1601 1395 1642 annuam
1453 1581 1820 1660 pensionem
1881 1580 2166 1660 percipit,
2217 1588 2283 1640 et
2344 1587 2442 1640 est
2500 1580 2765 1640 clericus
2826 1577 3190 1648 eorundem,

728 1697 913 1768 prout
956 1687 1121 1748 idem
1165 1687 1462 1750 Officialis
1512 1693 1726 1746 noster
1767 1704 1980 1746 coram
2025 1686 2205 1746 nobis
2246 1685 2325 1746 de
2365 1687 2555 1764 plano
2598 1683 2921 1745 confessus
2965 1688 3084 1755 est,
3127 1683 3197 1743 in

729 1794 1139 1875 inquisicione
1183 1793 1469 1854 iacienda
1511 1812 1698 1871 super
1738 1792 2071 1853 vacacione
2113 1792 2373 1853 ecclesie
2416 1796 2763 1852 memorate
2804 1791 2868 1850 in
2912 1789 3199 1868 proximo

729 1901 849 1960 loci
921 1899 1307 1960 Consistorio
1382 1899 1482 1958 die
1566 1898 1746 1958 Lune
1814 1905 1959 1976 post
2029 1897 2287 1958 Festum
2360 1897 2574 1958 Sancti
2645 1897 2957 1967 Nicholai,
3034 1897 3204 1957 vices

730 2012 980 2068 nostras
1025 2005 1376 2085 specialiter
1417 2004 1592 2064 vobis
1634 2004 2091 2064 committimus
2132 2023 2243 2082 per
2283 2009 2628 2082 presentes.
2742 2002 2820 2062 In
2864 2002 3046 2080 cujus
3089 2001 3200 2074 rei,

727 2118 847 2172 etc.
921 2111 1086 2186 Quid
1116 2131 1260 2172 vero
1302 2130 1412 2190 per
1453 2110 1931 2190 inquisicionem
1966 2110 2350 2181 inveneritis,
2382 2117 2505 2171 etc.
2575 2110 2876 2171 ValeatiS.
2956 2110 3197 2168 Datum

727 2217 894 2296 apud
937 2216 1283 2295 Bosebury,
1327 2219 1370 2294 ij
1419 2216 1739 2277 Kalendas
1781 2216 2166 2289 Decembris,
2213 2216 2726 2278 Consecracionis
2769 2223 2983 2276 nostre
3028 2235 3197 2276 anno

731 2325 944 2384 terci0.

719 2527 864 2590 Dec.
937 2527 1375 2589 8.——Mamdate
1445 2534 1503 2588 to
1568 2527 1666 2588 the
1723 2527 1903 2588 Dean
1963 2528 2033 2607 of
2087 2527 2467 2606 Pontesbury
2526 2535 2585 2589 to
2641 2528 2759 2590 cite
2827 2528 3049 2608 Philip
3116 2529 3191 2590 de

964 2608 1343 2687 Pontesbury
1387 2615 1444 2669 to
1477 2628 1665 2688 prove
1709 2608 1806 2669 his
1852 2608 1985 2669 title
2029 2616 2087 2669 to
2132 2609 2229 2670 the
2271 2609 2557 2689 chapelry
2599 2610 2669 2690 os
2707 2610 2871 2672 Gaas
2920 2609 3141 2670 Gastle.

887 2767 1188 2828 Garunna
1272 2783 1358 2825 Da
1429 2765 2004 2838 Onus—Thomas,
2087 2772 2229 2838 etc„
2304 2767 2559 2828 Decano
2640 2766 2719 2827 de
2795 2766 3193 2844 Pontesbury

721 2872 1014 2943 salutem,
1087 2877 1206 2932 etc.
1325 2871 1706 2932 Mandamus
1787 2873 1964 2932 vobis
2046 2873 2342 2953 quatinus
2410 2873 2621 2936 citetis
2690 2873 3054 2954 Philippum
3114 2874 3194 2936 de

719 2979 1135 3056 Pontesbury,
1202 2978 1517 3048 clericum,
1566 2978 1673 3059 qui
1732 2978 1785 3039 si
1842 2979 2000 3057 gerit
2060 2998 2173 3058 pro
2232 2972 2497 3041 Rectore
2552 2980 2791 3060 capelle
2849 2980 3055 3042 Castri
3110 2981 3189 3041 de

722 3084 909 3155 Gaus,
954 3083 1123 3164 quod
1177 3092 1536 3161 compareat
1593 3103 1804 3144 coram
1864 3084 2042 3144 nobis
2091 3085 2190 3145 vel
2248 3084 2515 3146 Officiali
2574 3095 2811 3157 nostro,
2858 3105 2971 3146 seu
3026 3106 3192 3147 oom-

720 3189 1044 3260 missariiS,
1089 3188 1154 3248 in
1203 3189 1426 3267 majori
1471 3189 1756 3250 Ecclesia
1814 3190 2265 3251 Hereiordensi
2317 3191 2382 3250 in
2426 3191 2657 3271 Vigilia
2699 3192 2885 3252 Beati
2928 3193 3189 3263 Thome,

721 3296 1024 3374 Apostoli,
1076 3305 1445 3356 ostensurus
1507 3314 1694 3375 quem
1757 3296 2109 3373 ingressum
2173 3295 2404 3357 habeat
2464 3300 2529 3357 in
2592 3298 2901 3376 capellam
2966 3318 3181 3377 supra·

720 3401 977 3471 dictam,
1049 3412 1114 3461 et
1183 3420 1308 3481 quo
1373 3401 1511 3479 jure
1581 3386 1907 3480 percipiat,
1978 3414 2050 3463 ut
2115 3403 2363 3474 dicitur,
2425 3403 2702 3464 decimas
2772 3423 2991 3465 omnes
3054 3424 3202 3484 pro-

721 3508 1044 3568 venientes
1087 3507 1164 3566 de
1208 3506 1520 3567 dominico
1561 3506 1798 3566 domini
1843 3506 1920 3568 de
1965 3508 2171 3580 Gaus;
2232 3528 2476 3569 necnon
2521 3515 2585 3570 et
2628 3529 2817 3589 super
2864 3510 3025 3581 aliis,
3076 3518 3197 3571 etc.

720 3612 958 3672 Datum
1018 3612 1184 3691 apud
1253 3612 1530 3691 Sugwas,
1595 3614 1656 3691 vj
1726 3612 1880 3673 ldus
1940 3613 2327 3685 Decembris,
2394 3614 2909 3677 consecracionis
2973 3626 3187 3677 nostre

724 3737 892 3779 anno
952 3719 1166 3779 tercio,

717 3974 860 4035 Dec.
907 3973 1456 4035 8.—Gommission
1495 3982 1553 4035 to
1609 3974 1853 4035 Martia
1900 3974 1974 4035 de
2020 3974 2189 4053 Gaye
2237 3976 2363 4036 and
2408 3976 2669 4038 Thomas
2735 3978 2808 4039 de
2852 3978 2944 4039 St.
2995 3978 3187 4051 Omer,

965 4056 1225 4126 Canon-3,
1285 4054 1411 4115 and
1460 4054 1741 4116 William
1795 4055 1869 4116 de
1925 4056 2203 4127 Ludlow,
2260 4056 2499 4135 Official
2536 4058 2607 4137 of
2647 4057 2745 4119 the
2784 4058 3180 4120 Archdeacon

961 4136 1399 4277 ῗίιξῖῗίζὲζῗί,
1445 4143 1502 4197 to
1557 4142 1657 4197 act
1699 4137 1809 4215 sor
1866 4136 1963 4197 the
2010 4137 2247 4217 Bishop
2302 4137 2374 4198 in
2431 4138 2528 4198 the
2582 4158 2717 4200 case
2770 4141 2843 4219 os
2874 4140 3185 4219 Reqinald

895 4372 997 4431 Dn
1057 4372 1322 4433 Doumo
1372 4372 1445 4432 R.
1499 4390 1658 4433 mnu
1709 4373 2319 4447 Parme-Thomas,
2364 4382 2507 4448 etc„
2555 4378 2870 4456 magistris
2918 4377 3195 4439 Mai-tino

721 4480 799 4541 de
849 4480 1028 4560 Gayo
1085 4486 1148 4539 et
1205 4480 1444 4541 Thome
1499 4480 1577 4541 de
1636 4480 1871 4542 Sancto
1928 4481 2178 4554 Omer0,
2225 4482 2560 4544 Canonicis
2618 4484 2901 4545 Ecclesie
2962 4493 3195 4558 nostre,

715 4592 778 4648 et
839 4590 1137 4664 magistro
1201 4584 1518 4647 Willelmo
1573 4585 1652 4649 de
1715 4586 2069 4658 Lodelawe,
2124 4587 2389 4649 officiali
2447 4588 2688 4649 domini
2759 4590 3197 4651 Archidiaconi

715 4690 1219 4761 Herefordensis,
1265 4690 1558 4761 salutem,
1603 4700 1722 4751 etc.
1834 4690 1913 4750 In
1955 4692 2211 4771 negocio
2254 4712 2378 4772 quo
2421 4714 2499 4754 ex
2542 4693 2745 4755 officio
2792 4704 3010 4755 nostro
3055 4715 3196 4775 pro·

714 4797 957 4858 ceditur
1019 4806 1240 4857 contra
1309 4795 1634 4857 dominum
1703 4797 2140 4877 Reginaldum,
2213 4798 2411 4860 filium
2487 4800 2679 4872 Petri,
2747 4820 2933 4880 super
3008 4802 3197 4863 certis

715 4904 1183 4982 gravaminibus
1239 4910 1303 4963 et
1358 4901 1606 4981 injuriis
1663 4903 1800 4965 Deo
1854 4912 1915 4964 et
1962 4903 2265 4977 Ecclesia,
2312 4910 2385 4965 ut
2445 4904 2692 4978 dieitur,
2754 4926 2867 4985 per
2920 4906 3195 4968 eundem
