3619 5868
765 526 846 586 52
1187 612 1191 617 .
1427 520 1782 599 Reqistrum
1840 520 2060 580 Thome
2114 520 2187 580 de
2246 516 2577 597 Cantilupo

766 748 1424 821 westmonasterium,
1455 747 1514 808 N
1521 748 1660 807 onis
1705 746 1881 818 Maii,
1912 764 2077 805 anno
2107 744 2365 805 Domini
2405 741 2861 805 M0GG0LXX0
2893 748 3090 812 sext0‚
3120 760 3239 819 pro

766 855 1124 916 elemosinis
1165 854 1444 915 fidelium
1487 854 1554 913 in
1605 851 2055 913 Hereiordensi
2116 850 2347 910 diocesi
2396 850 2783 929 colligendis,
2836 854 2899 908 et
2962 847 3235 907 fideliter

767 961 1122 1039 repromisit
1178 960 1344 1042 quod
1398 960 1602 1021 dictas
1655 956 2034 1019 elemosinas
2096 955 2345 1034 colliget
2408 960 2471 1015 et
2533 954 3024 1017 convocaciones
3086 970 3240 1013 suas

770 1068 979 1139 faciet,
1025 1067 1202 1129 salvo
1229 1068 1293 1126 in
1336 1065 1628 1126 omnibus
1682 1062 2014 1124 commodo
2071 1063 2448 1132 animarum,
2506 1060 2623 1121 sub
2675 1078 2843 1139 pena.
2886 1058 3236 1119 ablacionis

769 1174 1050 1235 omnium
1108 1172 1413 1233 bonorum
1468 1190 1590 1252 que
1647 1171 1713 1231 in
1769 1168 1942 1230 dicta
1997 1167 2249 1239 diocesi,
2306 1166 2645 1227 elemosine
2700 1165 2974 1237 nomine,
3024 1165 3239 1243 ipsum

769 1280 1092 1358 continget
1149 1278 1489 1358 acquirere.

769 1574 1039 1635 Another
1065 1595 1212 1653 copy
1242 1575 1312 1654 of
1348 1572 1444 1633 the
1471 1572 1614 1632 writ
1641 1573 1712 1652 os
1751 1572 1877 1633 oct.
1908 1577 2005 1643 25,
2036 1576 2215 1641 1275,
2238 1570 2493 1651 printed
2520 1570 2717 1631 above.

933 1732 1135 1792 Breve
1166 1730 1422 1791 Domini
1449 1730 1638 1809 Regis
1666 1749 1778 1809 per
1804 1728 1972 1810 quod
1995 1728 2347 1807 Episcopus
2372 1726 2854 1789 Herefordensis
2876 1725 3231 1805 implacitat

659 1852 671 1860 '
771 1839 1081 1901 Comitem
1126 1836 1518 1899 Gloucestrie
1561 1836 1639 1897 de
1684 1835 1921 1897 Chacia
1970 1834 2337 1896 Malvernie.

777 2131 900 2191 The
928 2130 1213 2209 Bislwp’s
1242 2130 1524 2189 Proctors
1566 2128 1638 2187 in
1680 2127 1776 2187 the
1803 2126 1933 2187 suit
1974 2126 2223 2205 aqainst
2266 2127 2362 2187 the
2405 2127 2565 2186 Earl
2591 2128 2661 2207 of
2698 2127 3047 2187 Glozoeester
3086 2147 3238 2187 were

1013 2211 1238 2271 Robert
1267 2210 1339 2270 de
1371 2210 1656 2286 Kemseye
1688 2209 1815 2269 and
1845 2208 2013 2269 John
2050 2208 2123 2268 de
2166 2208 2500 2288 Hampton.
2533 2209 2603 2287 of
2636 2208 2831 2270 whom
2875 2208 2973 2268 the
3002 2210 3239 2287 former

1015 2312 1140 2351 was
1169 2290 1438 2351 removed
1466 2290 1537 2349 in
1566 2290 1663 2350 the
1691 2296 1895 2350 octave
1924 2290 1993 2369 os
2029 2290 2121 2349 St.
2152 2289 2405 2366 Hilary.

936 2448 1290 2527 Episcopus
1343 2450 1523 2525 ponit
1578 2447 1715 2507 loco
1783 2466 1900 2507 suo
1967 2448 2033 2505 in
2092 2446 2327 2525 placito
2388 2445 2671 2525 predicto
2740 2446 3091 2511 Robertum
3147 2446 3228 2507 de

773 2554 1144 2635 Kemeseye‚
1176 2553 1275 2614 vel
1315 2552 1354 2614 J
1358 2552 1674 2613 ohannem
1717 2552 1794 2613 de
1830 2553 2233 2631 Hamptone:
2278 2562 2502 2631 postea
2537 2553 2889 2633 Episcopus
2932 2554 3236 2614 ammovit

773 2660 1117 2722 Robertum
1146 2660 1223 2719 de
1255 2659 1623 2737 Kemeseye‚
1655 2662 1823 2738 apud
1852 2658 2283 2739 Wyntoniam,
2313 2658 2381 2718 in
2424 2659 2683 2721 Octabis
2715 2660 2933 2721 Sancti
2978 2659 3234 2720 Hillarii

772 2774 838 2830 et
878 2766 1089 2846 posuit
1134 2767 1269 2827 loco
1310 2785 1424 2827 suo
1510 2812 1523 2827 .
1613 2810 1628 2827 .
1718 2767 1758 2827 .¹

776 3061 900 3123 The
929 3061 1166 3139 Sheriff
1187 3061 1255 3139 os
1289 3059 1591 3138 Heresord
1618 3059 1904 3119 returned
1935 3059 2067 3118 that
2100 3058 2196 3118 the
2238 3059 2399 3118 Earl
2426 3059 2495 3138 of
2533 3059 2880 3120 Gloucester
2906 3061 3087 3120 could
3126 3068 3236 3121 not

1018 3143 1082 3202 be
1111 3141 1458 3202 summoned
1487 3140 1557 3200 in
1586 3140 1683 3200 the
1729 3141 1968 3216 Cozmty
1997 3140 2067 3218 os
2101 3139 2587 3218 Herefordshire.
2700 3141 2997 3201 Mandate
3042 3141 3233 3202 there-

1004 3224 1142 3301 fore
1183 3229 1312 3282 sent
1356 3229 1412 3282 to
1457 3221 1554 3282 the
1597 3221 1835 3300 Sherzff
1868 3221 1939 3300 of
1990 3221 2336 3281 Gloucester
2380 3228 2437 3280 to
2479 3241 2770 3281 sammon.

887 3399 892 3404 ·
936 3373 1530 3435 Hnnnronnu.—A
1560 3372 1659 3433 die
1697 3373 1913 3434 Sancti
1946 3373 2203 3434 Martini
2244 3374 2309 3434 in
2339 3394 2419 3435 xv
2447 3374 2601 3446 dise,
2633 3374 3001 3436 Vicecomes
3032 3376 3236 3436 Here-

772 3481 970 3542 fordie
1000 3480 1340 3541 retornavit
1369 3497 1583 3540 coram
1614 3479 1781 3558 Rege
1809 3479 1978 3559 quod
2020 3479 2246 3541 Comes
2276 3481 2665 3542 Gloucestrie
2696 3481 2888 3542 nichil
2916 3483 3137 3543 habuit
3166 3483 3238 3543 in

775 3587 1098 3650 Comitatu
1131 3585 1498 3646 Herefordie
1526 3585 1633 3644 ubi
1660 3592 1875 3664 posset
1905 3588 2305 3658 summoneri,
2338 3595 2403 3648 et
2431 3593 2706 3648 testatus
2727 3597 2825 3648 est
2847 3587 3016 3667 quod
3045 3588 3241 3649 habet

773 3695 840 3753 in
875 3694 1199 3755 comitatu
1240 3691 1652 3754 Gloucestrie.
1739 3690 1893 3752 Ideo
1930 3689 2315 3774 [preceptum
2360 3696 2479 3771 est]
2525 3693 2893 3755 Vicecomiti
2937 3696 3241 3757 Glouces-

775 3801 894 3861 trie
935 3799 1103 3879 quod
1132 3802 1530 3859 summouent
1559 3816 1702 3858 eum
1745 3797 1914 3877 quod
1956 3798 2037 3858 sit
2078 3818 2290 3860 coram
2332 3799 2502 3878 Rege
2542 3799 2609 3859 in
2653 3800 2915 3862 Octsbis
2958 3800 3236 3862 Hillarii.

780 4089 902 4150 The
961 4087 1199 4165 Sheriff
1246 4087 1315 4165 os
1374 4086 1722 4146 Gloucester
1774 4084 2113 4144 instructed
2177 4083 2273 4144 the
2329 4084 2560 4162 bailiffs
2616 4085 2687 4164 of
2744 4085 2841 4145 the
2900 4085 3115 4163 liberty
3171 4086 3247 4164 of

1023 4167 1414 4244 Tewkesbury
1465 4173 1524 4226 to
1571 4185 1865 4236 sammon,
1924 4165 2031 4225 but
2090 4165 2225 4242 they
2284 4164 2419 4225 took
2472 4185 2549 4225 no
2604 4165 2828 4226 aetion.
2942 4167 3236 4227 Renewed

1017 4249 1302 4309 mandate
1334 4255 1390 4308 to
1419 4267 1710 4307 sammon.

939 4402 1601 4467 Gnoucnsz1A.—Ad
1645 4401 1811 4461 diem
1856 4401 2031 4462 illam
2075 4401 2440 4462 Vicecomes
2469 4401 2862 4462 Gloucestrie
2892 4402 3232 4462 retornavit

775 4514 944 4595 quod
997 4517 1360 4592 preceperat
1414 4508 1664 4570 ballivis
1720 4507 2027 4569 libertatis
2078 4507 2157 4568 de
2212 4506 2621 4586 Thekesbury
2673 4508 2781 4587 qui
2836 4508 3035 4568 nichil
3092 4507 3232 4568 inde

774 4620 1076 4680 fecerunt.
1164 4617 1317 4678 Ideo
1357 4631 1720 4695 preceptum
1763 4620 1861 4674 est
1890 4613 2259 4675 Vicecomiti
2300 4612 2470 4692 quod
2513 4632 2641 4673 non
2684 4613 2937 4674 omittat
2972 4621 3225 4692 propter

775 4725 1126 4784 libertatem
1159 4726 1303 4792 etc„
1333 4721 1484 4800 quin
1514 4723 1916 4781 summouent
1942 4737 2087 4780 eum
2116 4717 2283 4797 quod
2318 4719 2398 4778 sit
2436 4737 2649 4779 coram
2680 4719 2847 4797 Rege
2874 4718 3229 4799 ubicunque

773 4841 895 4892 etc.
927 4831 992 4890 in
1023 4827 1284 4891 Octabis
1313 4826 1783 4887 Purificacionis
1813 4835 1933 4885 etc.

1538 4964 1706 5006 l—Thc
1731 4973 1872 5004 name
1896 4973 2001 5004 was
2028 4965 2110 5004 not
2136 4962 2329 5004 written
2357 4962 2483 5002 here.
