3619 5868
495 2572 592 2614 Fol.
620 2575 684 2614 ³1.

801 515 882 575 98
1451 515 1805 594 Reqistrum
1864 515 2083 576 Thomc
2136 515 2210 574 dc
2284 514 2615 593 Cantilupo

801 741 966 800 villis
1027 740 1207 801 nobis
1269 740 1664 811 adherentes,
1723 740 1905 800 bonis
1966 739 2219 811 nostris,
2278 738 2501 811 bladis,
2562 738 2891 810 fructibus,
2949 746 3017 798 et
3080 736 3275 798 rebus

801 846 966 918 aliis,
1011 867 1204 908 manu
1245 848 1490 926 potenti
1533 854 1596 906 et
1640 846 1698 906 vi
1742 855 1991 906 armata
2032 847 2421 906 incessanter
2464 845 2731 924 spoliare
2774 865 2901 904 non
2944 851 3269 914 verentur,

801 951 867 1012 in
909 954 1108 1013 nostri
1149 960 1214 1014 et
1269 960 1626 1014 nostrorum
1666 973 1855 1032 grave
1912 953 2325 1032 prejudicium
2370 960 2433 1012 et
2478 951 2903 1012 ecclesiastice
2944 950 3265 1010 libertatis

801 1059 1145 1120 elusionem
1203 1059 1436 1138 pariter
1489 1065 1553 1120 et
1606 1048 2091 1138 contemptum.¹
2166 1059 2329 1134 Quia
2368 1058 2560 1137 igitur
2616 1057 2679 1118 in
2736 1057 2973 1118 talibus
3029 1075 3265 1136 penam

799 1165 1154 1225 necessario
1208 1173 1456 1244 oportet
1505 1164 1847 1242 aggravari,
1894 1165 2069 1225 vobis
2124 1163 2521 1236 mandamus,
2568 1163 2685 1224 sub
2738 1183 2905 1242 pena
2958 1163 3267 1224 canonice

799 1270 1235 1342 districcionis,
1298 1271 1596 1350 quatinus
1652 1290 1873 1331 omnes
1928 1271 2467 1331 communicantes
2514 1289 2659 1330 cum
2711 1269 3073 1330 hominibus
3120 1287 3267 1346 pre-

799 1378 1112 1438 dictarum
1150 1379 1336 1438 trium
1383 1377 1690 1449 villarum,
1735 1397 2002 1458 quorum
2040 1377 2296 1438 nomina
2324 1395 2434 1436 vos
2477 1377 2711 1437 scimus
2744 1375 2977 1436 habere
3012 1375 3262 1447 debere,

800 1482 925 1543 illis
1006 1483 1339 1542 dumtaxat
1416 1483 1691 1561 exceptis
1768 1482 1876 1562 qui
1960 1501 2028 1543 se
2105 1481 2389 1542 Ecclesie
2468 1491 2681 1542 nostre
2758 1489 2822 1542 et
2904 1481 3089 1542 nobis
3176 1501 3269 1540 re·

798 1589 1068 1650 formare
1113 1595 1430 1660 curarunt,
1481 1589 1742 1668 singulis
1797 1588 2018 1649 diebus
2076 1589 2425 1650 Dominicis
2486 1596 2550 1649 et
2598 1588 2888 1660 FestiviS,
2932 1587 3263 1666 campanis

795 1695 1084 1774 pulsatiS,
1156 1697 1438 1756 accensis
1505 1695 1804 1766 candelis,
1878 1695 2125 1775 publice
2196 1702 2260 1756 et
2330 1695 2776 1774 sollempniter,
2856 1694 2921 1752 in
3000 1694 3265 1771 singulis

795 1802 1074 1863 ecclesiis
1128 1801 1318 1862 vestri
1378 1802 1721 1863 decanatus
1777 1809 1842 1862 et
1904 1803 2043 1863 aliis
2118 1802 2271 1863 locis
2330 1801 2618 1882 publicis,
2677 1799 3257 1862 excommunicatos

797 1908 1160 1968 denunciari
1223 1909 1486 1980 faciatiS,
1545 1908 1676 1969 sive
1733 1909 2184 1980 contrahendO,
2229 1909 2577 1980 vendend0‚
2636 1927 2879 1968 moram
2941 1906 3259 1976 faciendo,

798 2013 1150 2086 tractand0,
1221 2033 1405 2093 opem
1475 2014 1568 2074 vel
1641 2033 1897 2092 operam
1967 2015 2058 2076 eis
2127 2015 2488 2093 prestando,
2564 2014 2693 2075 sive
2764 2013 3099 2074 consilium
3170 2012 3269 2071 vel

797 2119 1099 2179 auxilium
1157 2119 1384 2191 dandO,
1443 2120 1541 2181 vel
1597 2121 1721 2181 alio
1775 2140 2026 2200 quoquo
2086 2121 2291 2192 modo,
2352 2121 2417 2180 in
2474 2121 2895 2182 mercimoniis
2952 2139 3067 2180 seu
3133 2120 3267 2179 foro

798 2224 896 2284 vel
965 2224 1114 2284 alibi
1183 2225 1780 2286 communicaverint
1845 2245 1987 2286 cum
2052 2225 2309 2298 eisdem,
2375 2227 2497 2288 nisi
2556 2235 2867 2307 quatenus
2927 2225 3073 2304 jura
3130 2244 3264 2304 per-

799 2330 1075 2390 mittent.
1162 2330 1334 2391 Loca
1375 2339 1590 2392 autem
1631 2332 1846 2392 omnia
1886 2332 1951 2391 in
1992 2331 2221 2411 quibus
2256 2337 2579 2392 morantur
2609 2333 2742 2392 vice
2784 2339 2847 2391 et
2882 2331 3262 2391 auctoritate

797 2439 1015 2494 nostra
1053 2433 1476 2494 ecclesiastico
1517 2440 1943 2512 supponentes
1976 2435 2311 2496 interdicto
2332 2454 2347 2508 ;
2391 2436 2781 2516 inquirentes
2812 2435 3253 2508 nichilominus

801 2538 1130 2617 diligenter
1183 2539 1309 2611 ubi,
1368 2547 1432 2600 et
1497 2539 1562 2599 in
1617 2538 1845 2619 quibus
1900 2540 2200 2612 ecclesiis,
2271 2541 2533 2619 predicti
2596 2541 3125 2602 excommunicati
3180 2539 3255 2599 ad

801 2645 1013 2705 divina
1073 2645 1386 2706 audienda
1441 2646 1887 2718 admittuntur,
1942 2656 2006 2707 et
2062 2647 2263 2707 eciam
2317 2647 2397 2707 de
2452 2646 3063 2707 communicantibus
3122 2665 3261 2705 cum

803 2751 1090 2828 eisdem3
1160 2760 1224 2813 et
1295 2753 1349 2813 si
1417 2753 1646 2814 alicubi
1717 2753 1795 2814 ad
1880 2754 2307 2815 ecclesiastica
2392 2754 2772 2833 recipiantur
2844 2760 3260 2814 sacramenta.

803 2860 1124 2921 Predictos
1181 2879 1327 2921 vero
1383 2837 1960 2921 excommunicatos
2016 2861 2081 2920 in
2138 2860 2273 2920 fata
2327 2859 2702 2921 decedentes
2758 2858 3117 2920 Christiane
3172 2859 3262 2917 in-

802 2966 1090 3026 hibemus
1159 2966 1440 3026 districte
1511 2966 1674 3025 tradi
1745 2966 2085 3044 sepulture.
2194 2968 2282 3026 Et
2352 2965 2405 3026 si
2478 2966 2638 3027 forte
2704 2972 2847 3045 post
2916 2966 3267 3045 predictam

803 3072 1192 3131 sentenciam
1241 3071 1915 3132 excommunicacionis
1963 3090 2189 3150 corpus
2238 3072 2491 3152 aliquod
2538 3071 2960 3151 predictorum
3010 3071 3078 3131 in
3128 3073 3263 3131 loco

803 3196 979 3237 sacro
1047 3176 1432 3236 tumulatum
1503 3177 1797 3248 extiterit,
1871 3177 2078 3256 ipsum
2150 3176 2267 3237 sub
2333 3197 2497 3257 pena
2564 3178 2870 3238 canonica
2932 3178 3261 3238 exhumari

803 3282 1052 3343 faciatis
1107 3282 1389 3343 indilate.
1495 3282 1582 3343 Et
1641 3282 1913 3343 breviter
1955 3284 2243 3345 volumus
2302 3294 2367 3345 et
2422 3284 2799 3363 precipimus
2843 3285 3013 3365 quod
3056 3286 3270 3345 omnia

804 3394 1201 3449 sacramenta
1255 3389 1682 3450 ecclesiastica
1737 3390 1827 3451 eis
1884 3396 2017 3450 tam
2076 3392 2233 3452 vivis
2290 3410 2478 3467 quam
2544 3391 2955 3451 morientibus
3012 3394 3269 3453 omnino

801 3494 1207 3573 denegentur,
1252 3513 1575 3575 quousque
1619 3493 1989 3557 beneficium
2033 3495 2449 3557 absolucionis
2491 3497 2773 3575 optinere
2814 3498 3162 3558 meruerint
3202 3498 3265 3557 in

805 3598 1007 3659 forma
1045 3599 1221 3677 juris.
1328 3600 1450 3674 Qui
1491 3619 1641 3661 vero
1695 3608 1917 3662 contra
1972 3604 2137 3663 hanc
2186 3609 2469 3663 nostram
2512 3603 2957 3664 inhibicionem
3002 3604 3265 3665 fecerint

804 3723 917 3783 pro
957 3711 1128 3764 certo
1169 3704 1348 3782 penis
1393 3704 1621 3765 debitis
1664 3710 1726 3765 et
1775 3707 2161 3785 gravissimis
2204 3706 2639 3784 subjacebunt.
2749 3709 2845 3768 Ad
2886 3709 3005 3769 hec
3049 3729 3267 3771 omnes

801 3810 945 3871 illos
998 3813 1106 3891 qui
1162 3810 1262 3871 die
1334 3809 1594 3871 Sabbati
1658 3812 1945 3890 proxima
1998 3822 2143 3892 post
2207 3814 2654 3875 Ascensionem
2713 3814 2969 3875 Domini
3023 3822 3259 3877 terram

807 3921 1084 3975 nostram
1126 3914 1294 3993 apud
1335 3920 1613 3976 castrum
1653 3922 1732 3975 de
1777 3916 2111 3996 Lydebury
2142 3918 2350 3979 North
2392 3919 2813 3998 depredarunt
2858 3920 3267 4003 hominesque

807 4026 1055 4081 nostros
1109 4020 1574 4094 interfecerunt,
1630 4042 1703 4082 ac
1758 4022 1925 4084 bona
1978 4029 2195 4085 nostra
2250 4031 2313 4085 et
2374 4035 2731 4085 nostrorum
2790 4034 3155 4105 rapuerunt,
3206 4035 3265 4089 et

808 4126 915 4206 qui
956 4126 1356 4205 postmodum
1398 4146 1510 4206 per
1549 4128 2027 4208 inquisicionem
2067 4129 2512 4207 premissorum
2546 4131 2634 4190 rei
2662 4132 2966 4210 comperti
2994 4132 3263 4206 fuerant,

809 4252 951 4293 cum
1019 4232 1310 4293 omnibus
1379 4234 1991 4296 communicantibus
2054 4236 2291 4297 eisdem
2350 4236 2824 4317 fautoribusque
2879 4240 3261 4311 eorumdem,

809 4341 994 4401 modo
1053 4341 1338 4419 superius
1395 4348 1730 4420 prenotato
1794 4344 2171 4403 nominatim
2239 4344 2605 4405 denunciari
2670 4345 2958 4405 similiter
3021 4345 3263 4407 faciatis

809 4448 1402 4509 excommunicatos.
1507 4448 1790 4523 Qualiter
1856 4468 2002 4510 vero
2063 4450 2181 4510 hoc
2243 4450 2615 4511 mandatum
2670 4457 2955 4512 nostrum
3029 4453 3265 4513 fueritis

811 4554 1071 4625 executi,
1103 4560 1243 4626 etc.,
1275 4554 1434 4614 citra
1474 4554 1732 4615 Festum
1779 4556 1994 4616 Sancti
2040 4556 2286 4616 Mathei
2332 4556 2611 4635 Apostoli
2652 4557 2834 4618 nobis
2862 4558 2961 4618 vel
3005 4559 3263 4620 Officiali

811 4665 1027 4719 nostro
1069 4668 1358 4719 constare
1401 4659 1664 4730 faciatis,
1712 4666 1833 4723 etc.
1918 4662 2221 4723 Valeatis.
2310 4661 2544 4723 Datum
2589 4663 2755 4742 apud
2801 4664 3133 4737 Bikenore,
3176 4664 3259 4742 iiij

811 4764 1030 4826 Nonas
1074 4765 1476 4843 Septembris.
