3619 5868
765 449 885 507 186
1425 450 1781 529 Reqistrum
1839 450 2059 512 Thomc
2112 451 2187 513 de
2246 451 2579 531 Cantilupo

763 671 1160 732 Conventum
1218 673 1296 734 de
1346 673 1650 735 Wenlake
1706 680 2087 754 presentatO,
2131 676 2298 755 quod
2354 676 2419 736 in
2476 675 2758 755 proximo
2813 677 3257 757 parliamento

760 777 1105 840 Londoniis
1145 785 1291 860 post
1331 781 1592 842 Festum
1643 781 1859 842 Sancti
1910 782 2239 843 Michaelis
2282 781 2511 853 future,
2555 781 2843 842 videlicet
2887 781 3047 842 infra
3088 791 3243 844 tres

761 885 860 946 vel
916 890 1183 965 quatuor
1237 887 1622 965 septimanas
1677 892 1823 966 post
1878 887 2044 948 idem
2088 887 2368 959 Festum,
2412 887 2585 948 dabit
2627 887 2813 948 finale
2853 907 3249 966 responsum

757 989 965 1051 eidem
1032 990 1073 1051 J
1077 991 1309 1064 ohanni
1379 992 1457 1053 de
1525 992 1905 1053 admissione
1968 993 2066 1054 vel
2129 1012 2257 1053 non
2322 991 2459 1076 a[d]
2472 993 2772 1054 missione
2842 993 2920 1053 ad
2989 994 3243 1054 dictam

757 1095 1124 1167 ecclesiam;
1195 1102 1259 1158 et
1319 1097 1677 1178 repromisit
1739 1098 1817 1158 de
1878 1098 2087 1177 gracia
2146 1097 2401 1177 speciali
2466 1117 2533 1158 se
2594 1097 2753 1159 velle
2814 1096 2907 1157 uti
2966 1098 3245 1158 consilio

763 1202 1038 1262 Domini.
1076 1202 1498 1272 Batoniensis,
1541 1207 1606 1263 et
1661 1202 1927 1264 aliorum
1975 1203 2429 1283 fidediguorum
2472 1223 2631 1283 quos
2673 1204 2753 1263 ad
2794 1203 2915 1263 hoc
2956 1211 3239 1276 vocaret,

756 1314 1068 1388 quantum
1109 1309 1188 1369 ad
1229 1309 1675 1371 admissionem
1717 1309 1817 1370 vel
1858 1328 2020 1381 non;
2092 1311 2242 1370 dum
2301 1315 2514 1371 tamen
2551 1310 2757 1370 Deum
2800 1315 2864 1370 et
2904 1309 3231 1388 justiciam

762 1414 1036 1475 habeant
1078 1415 1142 1473 in
1187 1414 1587 1476 consulendo.

763 1683 930 1762 Sept.
973 1683 1332 1743 1.-Οαποπ
1371 1681 1668 1745 Nicholas
1709 1684 1783 1744 de
1826 1683 1905 1742 N.
1950 1683 2005 1744 is
2048 1683 2409 1746 authorized
2452 1691 2509 1745 ιο
2551 1691 2823 1744 contract
2862 1705 2903 1744 a
2944 1684 3083 1744 loan
3113 1684 3229 1763 for

997 1783 1282 1924 {mozenraetzsses
1340 1770 1406 1824 αι
1467 1765 1564 1824 the
1617 1765 1824 1844 Papal
1882 1764 2079 1825 Curia
2127 1773 2185 1826 ιο
2229 1765 2327 1826 the
2368 1772 2619 1826 amount
2658 1765 2731 1844 of
2768 1785 2878 1826 one
2943 1765 3225 1826 hundred

923 1998 1023 2059 An
1101 2017 1634 2062 courmmwnun
1705 2019 1991 2062 nuruum
2067 2020 2137 2062 m
2221 2003 2497 2062 Romi-m
2581 2002 3226 2063 CumA.—Universis

758 2105 924 2166 hanc
991 2105 1268 2166 litteram
1336 2106 1730 2186 inspecturis,
1795 2107 2089 2178 Thomas,
2154 2115 2294 2179 etc„
2354 2108 2642 2178 salutem,
2706 2112 2823 2168 etc.
2926 2106 3021 2166 Ad
3080 2127 3228 2168 con-

759 2211 1134 2272 trahendum
1209 2219 1502 2273 mutuum
1575 2234 1719 2274 cum
1778 2214 2275 2294 quibuscumque
2350 2213 2798 2274 mercatoribus
2873 2232 3074 2292 usque
3147 2213 3230 2272 ad

753 2337 1071 2377 summam
1129 2323 1383 2379 centum
1441 2319 1757 2390 librarum,
1816 2325 1879 2380 et
1938 2321 2017 2380 ad
2074 2320 2503 2398 recipiendum
2564 2318 2896 2398 pecuniam
2954 2338 3029 2380 ex
3087 2319 3229 2398 ipso

751 2427 1100 2493 contractu,
1159 2428 1222 2484 et
1280 2424 1756 2503 expendendum
1817 2444 1929 2485 seu
1990 2424 2379 2504 largiendum
2442 2443 2581 2484 eam
2646 2443 2759 2502 pro
2820 2423 3229 2503 expedicione

753 2530 1156 2609 negociorum
1190 2535 1549 2590 nostrorum
1592 2536 1657 2591 et
1698 2531 1983 2592 Ecclesie
2025 2537 2239 2591 nostre
2281 2530 2561 2609 predicte
2600 2529 2667 2588 in
2710 2529 2995 2589 Romana
3037 2529 3231 2590 Curia.

753 2640 942 2714 prout
975 2636 1262 2714 expedire
1295 2635 1622 2707 videbitur,
1654 2636 1955 2698 dilectum
1988 2637 2053 2696 in
2096 2637 2349 2698 Christo
2392 2635 2593 2695 filium
2637 2635 2695 2695 N
2718 2636 3077 2714 [icholaum]
3098 2638 3115 2670 ¹
3144 2636 3225 2696 de

758 2739 858 2811 N.,
933 2739 1320 2801 Canonicum
1392 2740 1940 2813 Herefordensem,
2015 2749 2303 2802 nostrum
2378 2741 2643 2802 facimus
2713 2741 3227 2812 Procuratorem;

752 2843 980 2904 dantes
1047 2844 1248 2906 eidem
1320 2845 1654 2925 specialem
1722 2852 2101 2926 potestatem
2173 2847 2487 2926 obligandi
2553 2866 2669 2907 nos
2739 2851 2805 2906 et
2873 2845 3225 2906 Ecclesiam

754 2956 1035 3011 nostram
1084 2972 1197 3031 pro
1247 2952 1512 3031 pecunia
1552 2972 1742 3033 quam
1784 2954 2087 3034 receperit
2128 2974 2327 3033 usque
2372 2974 2485 3015 seu
2527 2954 2690 3013 infra
2730 2973 3042 3013 summam
3085 2972 3223 3031 pre-

754 3054 968 3115 fatam.
1054 3055 1292 3115 Datum
1336 3056 1503 3135 apud
1545 3056 1905 3136 Ticheseye,
1938 3057 2239 3118 Kalendis
2286 3057 2689 3138 Septembris,
2724 3076 2889 3118 anno
2922 3034 3221 3137 predicto.

749 3362 919 3442 Sept.
962 3362 1400 3501 Izi-Mandata
1457 3369 1516 3422 ιο
1571 3363 1775 3423 Adam
1820 3362 1894 3423 de
1936 3363 2152 3440 Fikby
2183 3364 2291 3443 for
2329 3362 2597 3423 rencwed
2638 3361 2899 3423 citation
2939 3362 3011 3441 of
3044 3362 3221 3421 Peter

1061 3463 1244 3521 ymcr.

920 3600 1179 3661 Commu
1250 3600 1530 3659 Ps'rmm
1599 3598 2279 3670 Erum—Thomas,
2351 3604 2489 3670 etc„
2563 3597 2861 3677 magistro
2942 3595 3075 3655 Ade
3140 3596 3217 3657 de

753 3708 992 3786 Fileby,
1037 3706 1353 3768 Canonico
1413 3704 1880 3775 Herefordensi,
1946 3705 2233 3775 salutem,
2285 3709 2401 3764 etc.
2515 3704 2692 3764 Licet
2750 3702 2983 3783 pluries
3040 3700 3219 3761 citari

750 3814 1084 3876 fecerimus
1126 3812 1386 3873 Petrum
1428 3812 1680 3891 Eymer,
1729 3810 2117 3872 Canonicum
2161 3810 2707 3880 Hereiordensem,
2752 3815 2885 3870 tam
2927 3808 2992 3868 in
3036 3806 3218 3868 stallo

749 3941 867 3983 suo
908 3922 975 3980 in
1019 3918 1239 3999 majori
1283 3918 1568 3979 Ecclesia
1617 3917 2065 3978 Hereiordensi
2109 3936 2296 3996 quam
2340 3915 2405 3975 in
2454 3914 2795 3995 parochiali
2838 3912 3101 3975 ecclesia
3140 3913 3217 3972 de

753 4028 1064 4095 Mortone,
1109 4045 1229 4105 que
1271 4023 1582 4104 prebende
1639 4044 1752 4085 sue
1807 4024 2020 4084 existit
2064 4042 2322 4093 annexa,
2367 4022 2534 4101 quod
2576 4026 2963 4099 compareret
3007 4038 3217 4078 coram

751 4131 952 4203 nobis,
983 4136 1368 4201 ostensurus,
1404 4135 1557 4201 etc.;
1602 4130 1736 4210 ipse
1781 4136 1995 4191 tamen
2029 4149 2141 4210 per
2175 4150 2242 4191 se
2284 4136 2394 4189 aut
2434 4128 2863 4209 responsalem
2900 4128 3215 4207 ydoneum

753 4240 821 4299 in
875 4237 1162 4299 terminis
1216 4237 1652 4317 peremptoriis
1707 4236 1937 4307 venire,
1984 4241 2093 4296 aut
2149 4236 2384 4317 aliquid
2438 4255 2552 4315 pro
2609 4255 2676 4296 se
2718 4235 3047 4296 ostendere
3088 4252 3217 4293 non

755 4344 1039 4415 curavit;
1098 4343 1244 4404 licet
1317 4342 1429 4421 [in]
1502 4343 1764 4404 ecclesia
1833 4342 2115 4422 pluribus
2185 4342 2594 4403 citacionibus
2636 4341 2937 4401 faciendis
2998 4344 3219 4400 contra

750 4470 917 4521 eum,
976 4454 1120 4529 post
1189 4454 1285 4509 tot
1353 4448 1797 4519 contumacias,
1866 4467 1993 4508 non
2058 4448 2141 4509 sit
2204 4465 2396 4527 opus;
2466 4447 2750 4509 volentes
2818 4452 3032 4505 tamen
3102 4442 3219 4504 sibi

747 4556 1024 4636 graciam
1079 4553 1282 4615 facere
1335 4553 1627 4614 laciorem
1684 4559 1755 4613 ut
1812 4554 1890 4614 de
1944 4573 2107 4613 novo
2152 4558 2425 4624 vocetur,
2472 4552 2648 4613 vobis
2704 4552 2985 4611 districte
3042 4570 3215 4609 man-

754 4663 976 4722 damus
1031 4660 1326 4739 quatinus
1382 4660 1798 4740 peremptorie
1857 4659 2064 4720 citetis
2122 4659 2391 4719 eundem
2446 4658 2725 4729 Petrum,
2776 4657 2842 4716 in
2898 4656 3035 4717 loco
3092 4674 3217 4735 quo

876 4796 1045 4837 l-The
1081 4793 1192 4842 only
1228 4795 1392 4837 Canon
1432 4794 1700 4835 mentioned
1740 4794 1788 4835 in
1826 4796 1910 4835 the
1946 4796 2206 4842 compotus
2246 4794 2375 4835 Rolls
2413 4790 2463 4835 off
2500 4792 2601 4834 this
2638 4792 2755 4833 time
2784 4792 2947 4834 whose
2972 4789 3217 4833 christian

749 4858 890 4888 name
919 4846 1068 4893 began
1101 4845 1220 4887 with
1259 4846 1298 4886 Ν
1335 4856 1439 4887 was
1475 4856 1506 4885 a
1541 4844 1764 4886 Nicholas
1799 4846 2067 4892 commonly
2101 4844 2250 4886 called
2276 4844 2334 4885 de
2364 4841 2611 4890 nereford.
2639 4841 2725 4884 but
2752 4841 2827 4883 hie
2854 4841 2986 4890 place
3010 4838 3061 4881 of
3088 4840 3216 4881 birth

747 4908 862 4945 may
888 4897 1011 4938 have
1037 4895 1248 4943 supplied
1277 4896 1479 4937 another
1503 4906 1744 4937 eut-name.
