<?xml version="1.0" encoding="UTF-8"?>
<!DOCTYPE html PUBLIC "-//W3C//DTD XHTML 1.0 Transitional//EN"
    "http://www.w3.org/TR/xhtml1/DTD/xhtml1-transitional.dtd">
<html xmlns="http://www.w3.org/1999/xhtml" xml:lang="en" lang="en">
 <head>
  <title>
</title>
<meta http-equiv="Content-Type" content="text/html;charset=utf-8" />
  <meta name='ocr-system' content='tesseract 3.04.00' />
  <meta name='ocr-capabilities' content='ocr_page ocr_carea ocr_par ocr_line ocrx_word'/>
</head>
<body>
  <div class='ocr_page' id='page_1' title='image "./canterburyandyo01socigoog_0342.png"; bbox 0 0 3619 5868; ppageno 0'>
   <div class='ocr_carea' id='block_1_1' title="bbox 829 415 2637 496">
    <p class='ocr_par' dir='ltr' id='par_1_1' title="bbox 829 415 2637 496">
     <span class='ocr_line' id='line_1_1' title="bbox 829 415 2637 496; baseline 0.001 -22"><span class='ocrx_word' id='word_1_1' title='bbox 829 417 951 474; x_wconf 84' lang='lat'><strong>246</strong></span> <span class='ocrx_word' id='word_1_2' title='bbox 1471 415 1846 494; x_wconf 74' lang='lat' dir='ltr'><strong>-Reqistrum</strong></span> <span class='ocrx_word' id='word_1_3' title='bbox 1904 416 2122 476; x_wconf 82' lang='lat' dir='ltr'><strong>Thome</strong></span> <span class='ocrx_word' id='word_1_4' title='bbox 2176 416 2250 476; x_wconf 81' lang='lat' dir='ltr'><strong>de</strong></span> <span class='ocrx_word' id='word_1_5' title='bbox 2307 416 2637 496; x_wconf 78' lang='lat' dir='ltr'><strong>Cantilupo</strong></span> 
     </span>
    </p>
   </div>
   <div class='ocr_carea' id='block_1_2' title="bbox 827 640 3303 2392">
    <p class='ocr_par' dir='ltr' id='par_1_2' title="bbox 827 640 3303 2392">
     <span class='ocr_line' id='line_1_2' title="bbox 831 640 3303 721; baseline -0 -20"><span class='ocrx_word' id='word_1_6' title='bbox 831 641 952 702; x_wconf 86' lang='lat' dir='ltr'><strong>bus</strong></span> <span class='ocrx_word' id='word_1_7' title='bbox 1007 640 1298 702; x_wconf 89' lang='lat' dir='ltr'><strong>omnibus</strong></span> <span class='ocrx_word' id='word_1_8' title='bbox 1318 661 1332 712; x_wconf 88' lang='lat'>;</span> <span class='ocrx_word' id='word_1_9' title='bbox 1391 647 1488 702; x_wconf 86' lang='lat' dir='ltr'><strong>set</strong></span> <span class='ocrx_word' id='word_1_10' title='bbox 1542 641 1654 701; x_wconf 88' lang='lat' dir='ltr'><strong>fiat</strong></span> <span class='ocrx_word' id='word_1_11' title='bbox 1709 641 1944 702; x_wconf 91' lang='lat' dir='ltr'><strong>solucio</strong></span> <span class='ocrx_word' id='word_1_12' title='bbox 1999 643 2077 702; x_wconf 87' lang='lat' dir='ltr'><strong>ad</strong></span> <span class='ocrx_word' id='word_1_13' title='bbox 2133 643 2343 703; x_wconf 85' lang='lat' dir='ltr'><strong>minus</strong></span> <span class='ocrx_word' id='word_1_14' title='bbox 2398 641 2560 702; x_wconf 86' lang='lat' dir='ltr'><strong>infra</strong></span> <span class='ocrx_word' id='word_1_15' title='bbox 2613 643 2633 721; x_wconf 80' lang='lat' dir='ltr'><strong>j</strong></span> <span class='ocrx_word' id='word_1_16' title='bbox 2694 662 2947 713; x_wconf 86' lang='lat' dir='ltr'><strong>annum,</strong></span> <span class='ocrx_word' id='word_1_17' title='bbox 2992 641 3091 702; x_wconf 86' lang='lat' dir='ltr'><strong>vel</strong></span> <span class='ocrx_word' id='word_1_18' title='bbox 3134 641 3303 700; x_wconf 74' lang='lat' dir='ltr'><strong>inira</strong></span> 
     </span>
     <span class='ocr_line' id='line_1_3' title="bbox 833 746 3297 817; baseline -0 -11"><span class='ocrx_word' id='word_1_19' title='bbox 833 766 1070 806; x_wconf 88' lang='lat' dir='ltr'><strong>annum</strong></span> <span class='ocrx_word' id='word_1_20' title='bbox 1127 753 1190 808; x_wconf 90' lang='lat' dir='ltr'><strong>et</strong></span> <span class='ocrx_word' id='word_1_21' title='bbox 1244 746 1592 817; x_wconf 87' lang='lat' dir='ltr'><strong>dimidium,</strong></span> <span class='ocrx_word' id='word_1_22' title='bbox 1637 747 1692 808; x_wconf 91' lang='lat' dir='ltr'><strong>si</strong></span> <span class='ocrx_word' id='word_1_23' title='bbox 1747 747 1859 808; x_wconf 87' lang='lat' dir='ltr'><strong>fiat</strong></span> <span class='ocrx_word' id='word_1_24' title='bbox 1902 748 2185 808; x_wconf 84' lang='lat' dir='ltr'>vendicio</span> <span class='ocrx_word' id='word_1_25' title='bbox 2239 747 2493 808; x_wconf 88' lang='lat' dir='ltr'><strong>domino</strong></span> <span class='ocrx_word' id='word_1_26' title='bbox 2548 747 2589 807; x_wconf 96' lang='lat' dir='ltr'><strong>J</strong></span> <span class='ocrx_word' id='word_1_27' title='bbox 2590 747 2825 808; x_wconf 88' lang='lat' dir='ltr'><strong>ohanni</strong></span> <span class='ocrx_word' id='word_1_28' title='bbox 2873 748 2949 808; x_wconf 89' lang='lat' dir='ltr'><strong>de</strong></span> <span class='ocrx_word' id='word_1_29' title='bbox 2990 747 3051 806; x_wconf 84' lang='lat' dir='ltr'><strong>la</strong></span> <span class='ocrx_word' id='word_1_30' title='bbox 3094 747 3297 806; x_wconf 87' lang='lat' dir='ltr'><strong>Mare.</strong></span> 
     </span>
     <span class='ocr_line' id='line_1_4' title="bbox 833 851 3303 931; baseline 0 -21"><span class='ocrx_word' id='word_1_31' title='bbox 833 851 1002 912; x_wconf 88' lang='lat' dir='ltr'><strong>Item</strong></span> <span class='ocrx_word' id='word_1_32' title='bbox 1045 852 1520 912; x_wconf 86' lang='lat' dir='ltr'><strong>memorandum</strong></span> <span class='ocrx_word' id='word_1_33' title='bbox 1563 853 1640 912; x_wconf 89' lang='lat' dir='ltr'><strong>de</strong></span> <span class='ocrx_word' id='word_1_34' title='bbox 1681 851 1893 912; x_wconf 86' lang='lat' dir='ltr'><strong>littera</strong></span> <span class='ocrx_word' id='word_1_35' title='bbox 1934 852 2277 931; x_wconf 86' lang='lat' dir='ltr'><strong>optinenda</strong></span> <span class='ocrx_word' id='word_1_36' title='bbox 2316 872 2429 931; x_wconf 90' lang='lat' dir='ltr'><strong>pro</strong></span> <span class='ocrx_word' id='word_1_37' title='bbox 2470 853 2719 913; x_wconf 87' lang='lat' dir='ltr'><strong>redditu</strong></span> <span class='ocrx_word' id='word_1_38' title='bbox 2760 853 2963 912; x_wconf 87' lang='lat' dir='ltr'><strong>adhuc</strong></span> <span class='ocrx_word' id='word_1_39' title='bbox 3005 851 3303 912; x_wconf 85' lang='lat' dir='ltr'><strong>habendo</strong></span> 
     </span>
     <span class='ocr_line' id='line_1_5' title="bbox 827 957 3295 1038; baseline -0.001 -20"><span class='ocrx_word' id='word_1_40' title='bbox 827 977 944 1036; x_wconf 87' lang='lat' dir='ltr'><strong>per</strong></span> <span class='ocrx_word' id='word_1_41' title='bbox 998 977 1233 1016; x_wconf 89' lang='lat' dir='ltr'><strong>annum</strong></span> <span class='ocrx_word' id='word_1_42' title='bbox 1290 958 1367 1018; x_wconf 90' lang='lat' dir='ltr'><strong>de</strong></span> <span class='ocrx_word' id='word_1_43' title='bbox 1421 957 1676 1018; x_wconf 88' lang='lat' dir='ltr'><strong>domino</strong></span> <span class='ocrx_word' id='word_1_44' title='bbox 1725 959 1915 1018; x_wconf 89' lang='lat' dir='ltr'><strong>Petro</strong></span> <span class='ocrx_word' id='word_1_45' title='bbox 1964 959 2041 1019; x_wconf 88' lang='lat' dir='ltr'><strong>de</strong></span> <span class='ocrx_word' id='word_1_46' title='bbox 2084 959 2253 1038; x_wconf 85' lang='lat' dir='ltr'><strong>Lacy</strong></span> <span class='ocrx_word' id='word_1_47' title='bbox 2296 979 2485 1038; x_wconf 89' lang='lat' dir='ltr'><strong>super</strong></span> <span class='ocrx_word' id='word_1_48' title='bbox 2524 959 2575 1020; x_wconf 84' lang='lat' dir='ltr'>G</span> <span class='ocrx_word' id='word_1_49' title='bbox 2617 959 2843 1019; x_wconf 83' lang='lat' dir='ltr'><strong>marcis</strong></span> <span class='ocrx_word' id='word_1_50' title='bbox 2885 959 3002 1019; x_wconf 88' lang='lat' dir='ltr'><strong>sibi</strong></span> <span class='ocrx_word' id='word_1_51' title='bbox 3042 958 3295 1018; x_wconf 83' lang='lat' dir='ltr'><strong>debitis.</strong></span> 
     </span>
     <span class='ocr_line' id='line_1_6' title="bbox 836 1062 3301 1143; baseline 0.001 -23"><span class='ocrx_word' id='word_1_52' title='bbox 836 1062 1003 1122; x_wconf 92' lang='lat' dir='ltr'><strong>Item</strong></span> <span class='ocrx_word' id='word_1_53' title='bbox 1054 1063 1529 1122; x_wconf 88' lang='lat' dir='ltr'><strong>memorandum</strong></span> <span class='ocrx_word' id='word_1_54' title='bbox 1579 1063 1656 1124; x_wconf 89' lang='lat' dir='ltr'><strong>de</strong></span> <span class='ocrx_word' id='word_1_55' title='bbox 1703 1063 1952 1124; x_wconf 86' lang='lat' dir='ltr'><strong>redditu</strong></span> <span class='ocrx_word' id='word_1_56' title='bbox 1999 1083 2038 1121; x_wconf 84' lang='lat' dir='ltr'>x</span> <span class='ocrx_word' id='word_1_57' title='bbox 2086 1062 2383 1124; x_wconf 88' lang='lat' dir='ltr'><strong>librarum</strong></span> <span class='ocrx_word' id='word_1_58' title='bbox 2439 1064 2517 1124; x_wconf 88' lang='lat' dir='ltr'><strong>de</strong></span> <span class='ocrx_word' id='word_1_59' title='bbox 2565 1063 2925 1143; x_wconf 88' lang='lat' dir='ltr'><strong>Wyltesira¹</strong></span> <span class='ocrx_word' id='word_1_60' title='bbox 2964 1064 3301 1124; x_wconf 85' lang='lat' dir='ltr'><strong>vendendo</strong></span> 
     </span>
     <span class='ocr_line' id='line_1_7' title="bbox 832 1166 3296 1248; baseline 0 -23"><span class='ocrx_word' id='word_1_61' title='bbox 832 1186 949 1246; x_wconf 91' lang='lat' dir='ltr'><strong>pro</strong></span> <span class='ocrx_word' id='word_1_62' title='bbox 991 1166 1042 1227; x_wconf 84' lang='lat' dir='ltr'>G</span> <span class='ocrx_word' id='word_1_63' title='bbox 1084 1167 1275 1237; x_wconf 90' lang='lat' dir='ltr'><strong>libris,</strong></span> <span class='ocrx_word' id='word_1_64' title='bbox 1319 1173 1382 1228; x_wconf 91' lang='lat' dir='ltr'><strong>et</strong></span> <span class='ocrx_word' id='word_1_65' title='bbox 1424 1168 1944 1246; x_wconf 86' lang='lat' dir='ltr'><strong>compensacione</strong></span> <span class='ocrx_word' id='word_1_66' title='bbox 1986 1167 2269 1229; x_wconf 77' lang='lat' dir='ltr'><strong>iacienda</strong></span> <span class='ocrx_word' id='word_1_67' title='bbox 2310 1189 2422 1248; x_wconf 89' lang='lat' dir='ltr'><strong>per</strong></span> <span class='ocrx_word' id='word_1_68' title='bbox 2456 1175 2651 1230; x_wconf 82' lang='lat' dir='ltr'><strong>terras</strong></span> <span class='ocrx_word' id='word_1_69' title='bbox 2684 1174 2930 1248; x_wconf 87' lang='lat' dir='ltr'><strong>emptas</strong></span> <span class='ocrx_word' id='word_1_70' title='bbox 2962 1189 3075 1248; x_wconf 90' lang='lat' dir='ltr'><strong>per</strong></span> <span class='ocrx_word' id='word_1_71' title='bbox 3108 1169 3296 1247; x_wconf 84' lang='lat' dir='ltr'><strong>Epis-</strong></span> 
     </span>
     <span class='ocr_line' id='line_1_8' title="bbox 832 1273 3297 1354; baseline 0.001 -22"><span class='ocrx_word' id='word_1_72' title='bbox 832 1292 1096 1351; x_wconf 91' lang='lat' dir='ltr'><strong>copum;</strong></span> <span class='ocrx_word' id='word_1_73' title='bbox 1147 1273 1436 1333; x_wconf 85' lang='lat' dir='ltr'><strong>videlicet</strong></span> <span class='ocrx_word' id='word_1_74' title='bbox 1476 1293 1589 1352; x_wconf 86' lang='lat' dir='ltr'><strong>per</strong></span> <span class='ocrx_word' id='word_1_75' title='bbox 1629 1279 1861 1333; x_wconf 85' lang='lat' dir='ltr'><strong>terram</strong></span> <span class='ocrx_word' id='word_1_76' title='bbox 1905 1275 1981 1334; x_wconf 90' lang='lat' dir='ltr'><strong>de</strong></span> <span class='ocrx_word' id='word_1_77' title='bbox 2031 1273 2406 1354; x_wconf 84' lang='lat' dir='ltr'><strong>Cloppeleye</strong></span> <span class='ocrx_word' id='word_1_78' title='bbox 2448 1280 2512 1335; x_wconf 88' lang='lat' dir='ltr'><strong>et</strong></span> <span class='ocrx_word' id='word_1_79' title='bbox 2554 1280 2785 1336; x_wconf 86' lang='lat' dir='ltr'><strong>terram</strong></span> <span class='ocrx_word' id='word_1_80' title='bbox 2827 1275 2903 1335; x_wconf 91' lang='lat' dir='ltr'><strong>de</strong></span> <span class='ocrx_word' id='word_1_81' title='bbox 2946 1275 3297 1344; x_wconf 83' lang='lat' dir='ltr'><strong>Golewelle,</strong></span> 
     </span>
     <span class='ocr_line' id='line_1_9' title="bbox 831 1380 3299 1459; baseline 0 -20"><span class='ocrx_word' id='word_1_82' title='bbox 831 1385 898 1439; x_wconf 89' lang='lat' dir='ltr'><strong>et</strong></span> <span class='ocrx_word' id='word_1_83' title='bbox 953 1399 1064 1458; x_wconf 91' lang='lat' dir='ltr'><strong>per</strong></span> <span class='ocrx_word' id='word_1_84' title='bbox 1119 1385 1349 1439; x_wconf 87' lang='lat' dir='ltr'><strong>terram</strong></span> <span class='ocrx_word' id='word_1_85' title='bbox 1405 1385 1684 1458; x_wconf 79' lang='lat' dir='ltr'><strong>emptam</strong></span> <span class='ocrx_word' id='word_1_86' title='bbox 1755 1380 1833 1440; x_wconf 88' lang='lat' dir='ltr'><strong>de</strong></span> <span class='ocrx_word' id='word_1_87' title='bbox 1888 1381 2142 1440; x_wconf 89' lang='lat' dir='ltr'><strong>domino</strong></span> <span class='ocrx_word' id='word_1_88' title='bbox 2200 1381 2386 1440; x_wconf 88' lang='lat' dir='ltr'><strong>Petro</strong></span> <span class='ocrx_word' id='word_1_89' title='bbox 2442 1381 2519 1441; x_wconf 88' lang='lat' dir='ltr'><strong>de</strong></span> <span class='ocrx_word' id='word_1_90' title='bbox 2578 1380 2755 1441; x_wconf 86' lang='lat' dir='ltr'><strong>Salso</strong></span> <span class='ocrx_word' id='word_1_91' title='bbox 2812 1380 3120 1450; x_wconf 86' lang='lat' dir='ltr'><strong>Marisco;</strong></span> <span class='ocrx_word' id='word_1_92' title='bbox 3174 1399 3299 1459; x_wconf 89' lang='lat' dir='ltr'><strong>que</strong></span> 
     </span>
     <span class='ocr_line' id='line_1_10' title="bbox 830 1484 3301 1565; baseline 0 -21"><span class='ocrx_word' id='word_1_93' title='bbox 830 1490 995 1545; x_wconf 90' lang='lat' dir='ltr'><strong>terre</strong></span> <span class='ocrx_word' id='word_1_94' title='bbox 1051 1485 1104 1545; x_wconf 87' lang='lat' dir='ltr'><strong>si</strong></span> <span class='ocrx_word' id='word_1_95' title='bbox 1160 1485 1410 1545; x_wconf 87' lang='lat' dir='ltr'><strong>valeant</strong></span> <span class='ocrx_word' id='word_1_96' title='bbox 1462 1484 1580 1555; x_wconf 89' lang='lat' dir='ltr'><strong>xli,</strong></span> <span class='ocrx_word' id='word_1_97' title='bbox 1639 1485 1796 1545; x_wconf 90' lang='lat' dir='ltr'><strong>bene</strong></span> <span class='ocrx_word' id='word_1_98' title='bbox 1851 1485 2138 1564; x_wconf 87' lang='lat' dir='ltr'><strong>quidem;</strong></span> <span class='ocrx_word' id='word_1_99' title='bbox 2196 1485 2295 1545; x_wconf 90' lang='lat' dir='ltr'><strong>sin</strong></span> <span class='ocrx_word' id='word_1_100' title='bbox 2344 1491 2574 1556; x_wconf 86' lang='lat' dir='ltr'><strong>autem,</strong></span> <span class='ocrx_word' id='word_1_101' title='bbox 2632 1486 3041 1565; x_wconf 76' lang='lat' dir='ltr'><strong>suppleantur</strong></span> <span class='ocrx_word' id='word_1_102' title='bbox 3094 1505 3301 1564; x_wconf 88' lang='lat' dir='ltr'><strong>usque</strong></span> 
     </span>
     <span class='ocr_line' id='line_1_11' title="bbox 831 1589 3301 1670; baseline 0 -20"><span class='ocrx_word' id='word_1_103' title='bbox 831 1593 912 1650; x_wconf 81' lang='lat' dir='ltr'><strong>ad</strong></span> <span class='ocrx_word' id='word_1_104' title='bbox 967 1590 1242 1650; x_wconf 85' lang='lat' dir='ltr'><strong>valorem</strong></span> <span class='ocrx_word' id='word_1_105' title='bbox 1305 1609 1343 1648; x_wconf 83' lang='lat' dir='ltr'>x</span> <span class='ocrx_word' id='word_1_106' title='bbox 1400 1589 1762 1650; x_wconf 76' lang='lat' dir='ltr'><strong>libratarum</strong></span> <span class='ocrx_word' id='word_1_107' title='bbox 1826 1596 1990 1650; x_wconf 87' lang='lat' dir='ltr'><strong>terre</strong></span> <span class='ocrx_word' id='word_1_108' title='bbox 2048 1611 2161 1669; x_wconf 91' lang='lat' dir='ltr'><strong>per</strong></span> <span class='ocrx_word' id='word_1_109' title='bbox 2222 1591 2607 1670; x_wconf 83' lang='lat' dir='ltr'><strong>Episcopum</strong></span> <span class='ocrx_word' id='word_1_110' title='bbox 2671 1592 2747 1651; x_wconf 88' lang='lat' dir='ltr'><strong>de</strong></span> <span class='ocrx_word' id='word_1_111' title='bbox 2810 1591 2859 1652; x_wconf 83' lang='lat' dir='ltr'>O</span> <span class='ocrx_word' id='word_1_112' title='bbox 2915 1590 3087 1650; x_wconf 87' lang='lat' dir='ltr'><strong>libris</strong></span> <span class='ocrx_word' id='word_1_113' title='bbox 3137 1611 3301 1670; x_wconf 85' lang='lat' dir='ltr'><strong>quas</strong></span> 
     </span>
     <span class='ocr_line' id='line_1_12' title="bbox 828 1697 3299 1778; baseline 0.001 -24"><span class='ocrx_word' id='word_1_114' title='bbox 828 1697 1090 1776; x_wconf 79' lang='lat' dir='ltr'><strong>recipiet</strong></span> <span class='ocrx_word' id='word_1_115' title='bbox 1144 1697 1222 1757; x_wconf 88' lang='lat' dir='ltr'><strong>de</strong></span> <span class='ocrx_word' id='word_1_116' title='bbox 1271 1698 1631 1776; x_wconf 86' lang='lat' dir='ltr'><strong>supradicto</strong></span> <span class='ocrx_word' id='word_1_117' title='bbox 1678 1698 1944 1758; x_wconf 88' lang='lat' dir='ltr'><strong>redditu.</strong></span> <span class='ocrx_word' id='word_1_118' title='bbox 2045 1699 2132 1758; x_wconf 87' lang='lat' dir='ltr'><strong>Et</strong></span> <span class='ocrx_word' id='word_1_119' title='bbox 2172 1705 2540 1778; x_wconf 81' lang='lat' dir='ltr'><strong>procuretur</strong></span> <span class='ocrx_word' id='word_1_120' title='bbox 2580 1698 2977 1758; x_wconf 87' lang='lat' dir='ltr'><strong>confirmacio</strong></span> <span class='ocrx_word' id='word_1_121' title='bbox 3020 1698 3299 1777; x_wconf 81' lang='lat' dir='ltr'><strong>Capituli</strong></span> 
     </span>
     <span class='ocr_line' id='line_1_13' title="bbox 829 1803 3295 1882; baseline 0.001 -22"><span class='ocrx_word' id='word_1_122' title='bbox 829 1821 944 1880; x_wconf 91' lang='lat' dir='ltr'><strong>per</strong></span> <span class='ocrx_word' id='word_1_123' title='bbox 999 1803 1331 1882; x_wconf 85' lang='lat' dir='ltr'><strong>magistros</strong></span> <span class='ocrx_word' id='word_1_124' title='bbox 1374 1804 1455 1863; x_wconf 92' lang='lat' dir='ltr'>W</span> <span class='ocrx_word' id='word_1_125' title='bbox 1477 1804 1825 1882; x_wconf 90' lang='lat' dir='ltr'><strong>[illelmum]</strong></span> <span class='ocrx_word' id='word_1_126' title='bbox 1885 1805 1961 1864; x_wconf 88' lang='lat' dir='ltr'><strong>de</strong></span> <span class='ocrx_word' id='word_1_127' title='bbox 2006 1805 2227 1865; x_wconf 85' lang='lat' dir='ltr'><strong>Monte</strong></span> <span class='ocrx_word' id='word_1_128' title='bbox 2276 1805 2469 1875; x_wconf 82' lang='lat' dir='ltr'><strong>Forti,</strong></span> <span class='ocrx_word' id='word_1_129' title='bbox 2512 1805 2569 1863; x_wconf 87' lang='lat' dir='ltr'>R</span> <span class='ocrx_word' id='word_1_130' title='bbox 2590 1804 2919 1882; x_wconf 90' lang='lat' dir='ltr'><strong>[obertum]</strong></span> <span class='ocrx_word' id='word_1_131' title='bbox 2979 1805 3055 1864; x_wconf 89' lang='lat' dir='ltr'><strong>de</strong></span> <span class='ocrx_word' id='word_1_132' title='bbox 3096 1805 3295 1864; x_wconf 90' lang='lat' dir='ltr'><strong>Glou·</strong></span> 
     </span>
     <span class='ocr_line' id='line_1_14' title="bbox 831 1908 3293 1990; baseline 0 -22"><span class='ocrx_word' id='word_1_133' title='bbox 831 1909 1076 1978; x_wconf 82' lang='lat' dir='ltr'><strong>cestria,</strong></span> <span class='ocrx_word' id='word_1_134' title='bbox 1119 1909 1200 1968; x_wconf 91' lang='lat' dir='ltr'>W</span> <span class='ocrx_word' id='word_1_135' title='bbox 1223 1908 1532 1986; x_wconf 88' lang='lat' dir='ltr'><strong>[alterum]</strong></span> <span class='ocrx_word' id='word_1_136' title='bbox 1581 1910 1657 1969; x_wconf 87' lang='lat' dir='ltr'><strong>de</strong></span> <span class='ocrx_word' id='word_1_137' title='bbox 1699 1910 2153 1990; x_wconf 81' lang='lat' dir='ltr'><strong>Rudmareleye</strong></span> <span class='ocrx_word' id='word_1_138' title='bbox 2196 1917 2258 1971; x_wconf 88' lang='lat' dir='ltr'><strong>et</strong></span> <span class='ocrx_word' id='word_1_139' title='bbox 2299 1911 2339 1971; x_wconf 99' lang='lat' dir='ltr'><strong>J</strong></span> <span class='ocrx_word' id='word_1_140' title='bbox 2360 1911 2720 1990; x_wconf 84' lang='lat' dir='ltr'><strong>[ohannem]</strong></span> <span class='ocrx_word' id='word_1_141' title='bbox 2783 1912 2859 1971; x_wconf 91' lang='lat' dir='ltr'><strong>de</strong></span> <span class='ocrx_word' id='word_1_142' title='bbox 2914 1911 3293 1970; x_wconf 88' lang='lat' dir='ltr'><strong>Bradeham.</strong></span> 
     </span>
     <span class='ocr_line' id='line_1_15' title="bbox 837 2014 3299 2094; baseline 0 -20"><span class='ocrx_word' id='word_1_143' title='bbox 837 2014 996 2074; x_wconf 87' lang='lat' dir='ltr'><strong>Cum</strong></span> <span class='ocrx_word' id='word_1_144' title='bbox 1054 2015 1316 2076; x_wconf 85' lang='lat' dir='ltr'><strong>ecclesia</strong></span> <span class='ocrx_word' id='word_1_145' title='bbox 1373 2016 1449 2076; x_wconf 89' lang='lat' dir='ltr'><strong>de</strong></span> <span class='ocrx_word' id='word_1_146' title='bbox 1507 2015 1698 2076; x_wconf 86' lang='lat' dir='ltr'><strong>Stoke</strong></span> <span class='ocrx_word' id='word_1_147' title='bbox 1755 2015 1927 2094; x_wconf 85' lang='lat' dir='ltr'><strong>Lacy</strong></span> <span class='ocrx_word' id='word_1_148' title='bbox 1975 2017 2289 2077; x_wconf 87' lang='lat' dir='ltr'><strong>vacaverit</strong></span> <span class='ocrx_word' id='word_1_149' title='bbox 2344 2037 2381 2077; x_wconf 86' lang='lat' dir='ltr'><strong>a</strong></span> <span class='ocrx_word' id='word_1_150' title='bbox 2436 2017 2627 2076; x_wconf 82' lang='lat' dir='ltr'><strong>Festo</strong></span> <span class='ocrx_word' id='word_1_151' title='bbox 2684 2016 2911 2077; x_wconf 87' lang='lat' dir='ltr'><strong>Sancte</strong></span> <span class='ocrx_word' id='word_1_152' title='bbox 2966 2017 3299 2075; x_wconf 83' lang='lat' dir='ltr'><strong>Trinitatis</strong></span> 
     </span>
     <span class='ocr_line' id='line_1_16' title="bbox 831 2119 3295 2200; baseline 0 -21"><span class='ocrx_word' id='word_1_153' title='bbox 831 2119 994 2180; x_wconf 83' lang='lat' dir='ltr'><strong>infra</strong></span> <span class='ocrx_word' id='word_1_154' title='bbox 1027 2121 1382 2200; x_wconf 89' lang='lat' dir='ltr'><strong>quindecim</strong></span> <span class='ocrx_word' id='word_1_155' title='bbox 1420 2121 1570 2191; x_wconf 89' lang='lat' dir='ltr'><strong>dies,</strong></span> <span class='ocrx_word' id='word_1_156' title='bbox 1601 2122 1973 2182; x_wconf 86' lang='lat' dir='ltr'><strong>auctoritate</strong></span> <span class='ocrx_word' id='word_1_157' title='bbox 2006 2128 2223 2182; x_wconf 87' lang='lat' dir='ltr'><strong>nostra</strong></span> <span class='ocrx_word' id='word_1_158' title='bbox 2261 2128 2325 2184; x_wconf 89' lang='lat' dir='ltr'><strong>et</strong></span> <span class='ocrx_word' id='word_1_159' title='bbox 2366 2124 2710 2184; x_wconf 84' lang='lat' dir='ltr'><strong>secundum</strong></span> <span class='ocrx_word' id='word_1_160' title='bbox 2754 2121 3295 2183; x_wconf 76' lang='lat' dir='ltr'><strong>constitucionem</strong></span> 
     </span>
     <span class='ocr_line' id='line_1_17' title="bbox 831 2225 3297 2308; baseline 0.001 -22"><span class='ocrx_word' id='word_1_161' title='bbox 831 2225 1095 2286; x_wconf 83' lang='lat' dir='ltr'><strong>Concilii</strong></span> <span class='ocrx_word' id='word_1_162' title='bbox 1153 2226 1608 2306; x_wconf 82' lang='lat' dir='ltr'><strong>LugdunensiS,</strong></span> <span class='ocrx_word' id='word_1_163' title='bbox 1666 2246 1778 2305; x_wconf 86' lang='lat' dir='ltr'><strong>per</strong></span> <span class='ocrx_word' id='word_1_164' title='bbox 1824 2227 2143 2288; x_wconf 88' lang='lat' dir='ltr'><strong>Vicarium</strong></span> <span class='ocrx_word' id='word_1_165' title='bbox 2201 2229 2500 2308; x_wconf 81' lang='lat' dir='ltr'><strong>Episcopi</strong></span> <span class='ocrx_word' id='word_1_166' title='bbox 2556 2229 2854 2308; x_wconf 82' lang='lat' dir='ltr'><strong>magistro</strong></span> <span class='ocrx_word' id='word_1_167' title='bbox 2926 2276 2937 2286; x_wconf 93' lang='lat'>.</span> <span class='ocrx_word' id='word_1_168' title='bbox 3012 2275 3023 2287; x_wconf 91' lang='lat'>.</span> <span class='ocrx_word' id='word_1_169' title='bbox 3098 2275 3111 2287; x_wconf 92' lang='lat'>.</span> <span class='ocrx_word' id='word_1_170' title='bbox 3188 2275 3202 2288; x_wconf 92' lang='lat'>.</span> <span class='ocrx_word' id='word_1_171' title='bbox 3272 2231 3297 2262; x_wconf 83' lang='lat'><strong>¹</strong></span> 
     </span>
     <span class='ocr_line' id='line_1_18' title="bbox 827 2331 1201 2392; baseline -0.005 0"><span class='ocrx_word' id='word_1_172' title='bbox 827 2331 1201 2392; x_wconf 81' lang='lat' dir='ltr'><strong>conferatur.</strong></span> 
     </span>
    </p>
   </div>
   <div class='ocr_carea' id='block_1_3' title="bbox 829 2662 3299 2986">
    <p class='ocr_par' dir='ltr' id='par_1_3' title="bbox 829 2662 3299 2986">
     <span class='ocr_line' id='line_1_19' title="bbox 829 2662 3291 2743; baseline 0 -21"><span class='ocrx_word' id='word_1_173' title='bbox 829 2662 1230 2723; x_wconf 80' lang='lat' dir='ltr'><strong>Memoranda</strong></span> <span class='ocrx_word' id='word_1_174' title='bbox 1270 2662 1448 2738; x_wconf 75' lang='lat' dir='ltr'><strong>qiven</strong></span> <span class='ocrx_word' id='word_1_175' title='bbox 1491 2669 1547 2721; x_wconf 78' lang='lat' dir='ltr'><strong>to</strong></span> <span class='ocrx_word' id='word_1_176' title='bbox 1591 2663 1688 2723; x_wconf 65' lang='lat' dir='ltr'><strong>the</strong></span> <span class='ocrx_word' id='word_1_177' title='bbox 1730 2663 2068 2733; x_wconf 78' lang='lat' dir='ltr'><strong>Precentor,</strong></span> <span class='ocrx_word' id='word_1_178' title='bbox 2101 2663 2197 2723; x_wconf 79' lang='lat' dir='ltr'><strong>the</strong></span> <span class='ocrx_word' id='word_1_179' title='bbox 2244 2663 2499 2741; x_wconf 80' lang='lat' dir='ltr'><strong>Official,</strong></span> <span class='ocrx_word' id='word_1_180' title='bbox 2542 2663 2669 2723; x_wconf 82' lang='lat' dir='ltr'><strong>and</strong></span> <span class='ocrx_word' id='word_1_181' title='bbox 2709 2663 2906 2724; x_wconf 78' lang='lat' dir='ltr'><strong>others</strong></span> <span class='ocrx_word' id='word_1_182' title='bbox 2944 2664 3015 2743; x_wconf 80' lang='lat' dir='ltr'><strong>of</strong></span> <span class='ocrx_word' id='word_1_183' title='bbox 3038 2665 3291 2723; x_wconf 73' lang='lat' dir='ltr'><strong>various</strong></span> 
     </span>
     <span class='ocr_line' id='line_1_20' title="bbox 1065 2711 3299 2904; baseline -0 -19"><span class='ocrx_word' id='word_1_184' title='bbox 1065 2750 1505 2885; x_wconf 51' lang='grc' dir='ltr'><strong>ξέἔῃῖιιῖῗτξιεῖνέῖί</strong></span> <span class='ocrx_word' id='word_1_185' title='bbox 1533 2743 1928 2886; x_wconf 49' lang='grc' dir='ltr'><strong>ὁτῖιαᾞῗθιέπ</strong></span> <span class='ocrx_word' id='word_1_186' title='bbox 1942 2711 2346 2903; x_wconf 53' lang='grc' dir='ltr'><strong>ὂέἢὲεεξτῗίιῖῗ)</strong></span> <span class='ocrx_word' id='word_1_187' title='bbox 2352 2743 2662 2904; x_wconf 45' lang='lat' dir='ltr'><strong>cisessgffiffi</strong></span> <span class='ocrx_word' id='word_1_188' title='bbox 2700 2744 2937 2885; x_wconf 51' lang='lat' dir='ltr'><strong>2}th</strong></span> <span class='ocrx_word' id='word_1_189' title='bbox 2957 2744 3299 2885; x_wconf 46' lang='lat' dir='ltr'><strong>gafffflrgjl‘</strong></span> 
     </span>
     <span class='ocr_line' id='line_1_21' title="bbox 1069 2905 2557 2986; baseline 0 -19"><span class='ocrx_word' id='word_1_190' title='bbox 1069 2926 1138 2967; x_wconf 82' lang='lat' dir='ltr'><strong>as</strong></span> <span class='ocrx_word' id='word_1_191' title='bbox 1182 2905 1447 2984; x_wconf 76' lang='lat' dir='ltr'><strong>security</strong></span> <span class='ocrx_word' id='word_1_192' title='bbox 1478 2906 1586 2985; x_wconf 84' lang='lat' dir='ltr'><strong>sor</strong></span> <span class='ocrx_word' id='word_1_193' title='bbox 1627 2906 1725 2967; x_wconf 79' lang='lat' dir='ltr'><strong>the</strong></span> <span class='ocrx_word' id='word_1_194' title='bbox 1770 2905 1965 2967; x_wconf 79' lang='lat' dir='ltr'><strong>Tenth</strong></span> <span class='ocrx_word' id='word_1_195' title='bbox 2006 2906 2076 2966; x_wconf 82' lang='lat' dir='ltr'><strong>in</strong></span> <span class='ocrx_word' id='word_1_196' title='bbox 2116 2927 2251 2967; x_wconf 71' lang='lat' dir='ltr'><strong>case</strong></span> <span class='ocrx_word' id='word_1_197' title='bbox 2290 2907 2361 2986; x_wconf 90' lang='lat' dir='ltr'><strong>of</strong></span> <span class='ocrx_word' id='word_1_198' title='bbox 2392 2905 2557 2967; x_wconf 71' lang='lat' dir='ltr'><strong>need.</strong></span> 
     </span>
    </p>
   </div>
   <div class='ocr_carea' id='block_1_4' title="bbox 821 3086 3291 3906">
    <p class='ocr_par' dir='ltr' id='par_1_4' title="bbox 821 3086 3291 3906">
     <span class='ocr_line' id='line_1_22' title="bbox 989 3086 3287 3166; baseline 0.001 -21"><span class='ocrx_word' id='word_1_199' title='bbox 989 3086 1250 3147; x_wconf 88' lang='lat' dir='ltr'><strong>Articuli</strong></span> <span class='ocrx_word' id='word_1_200' title='bbox 1279 3106 1437 3166; x_wconf 86' lang='lat' dir='ltr'><strong>quos</strong></span> <span class='ocrx_word' id='word_1_201' title='bbox 1467 3086 1778 3147; x_wconf 80' lang='lat' dir='ltr'><strong>Dominus</strong></span> <span class='ocrx_word' id='word_1_202' title='bbox 1807 3087 2061 3146; x_wconf 87' lang='lat' dir='ltr'><strong>domino</strong></span> <span class='ocrx_word' id='word_1_203' title='bbox 2100 3087 2461 3164; x_wconf 88' lang='lat' dir='ltr'><strong>[Willelmo]</strong></span> <span class='ocrx_word' id='word_1_204' title='bbox 2486 3134 2498 3157; x_wconf 89' lang='lat'><em>‚</em></span> <span class='ocrx_word' id='word_1_205' title='bbox 2534 3087 2911 3157; x_wconf 89' lang='lat' dir='ltr'><strong>Precentori,</strong></span> <span class='ocrx_word' id='word_1_206' title='bbox 2961 3087 3251 3166; x_wconf 86' lang='lat' dir='ltr'><strong>[Rogero]</strong></span> <span class='ocrx_word' id='word_1_207' title='bbox 3273 3134 3287 3157; x_wconf 87' lang='lat'><strong>,</strong></span> 
     </span>
     <span class='ocr_line' id='line_1_23' title="bbox 829 3192 3285 3272; baseline 0 -19"><span class='ocrx_word' id='word_1_208' title='bbox 829 3192 1113 3263; x_wconf 78' lang='lat' dir='ltr'><strong>Officiali,</strong></span> <span class='ocrx_word' id='word_1_209' title='bbox 1171 3198 1234 3253; x_wconf 86' lang='lat' dir='ltr'><strong>et</strong></span> <span class='ocrx_word' id='word_1_210' title='bbox 1284 3192 1440 3262; x_wconf 84' lang='lat' dir='ltr'><strong>aliis,</strong></span> <span class='ocrx_word' id='word_1_211' title='bbox 1491 3198 1638 3253; x_wconf 88' lang='lat' dir='ltr'><strong>ante</strong></span> <span class='ocrx_word' id='word_1_212' title='bbox 1687 3212 1868 3253; x_wconf 83' lang='lat' dir='ltr'><strong>suam</strong></span> <span class='ocrx_word' id='word_1_213' title='bbox 1918 3192 2518 3263; x_wconf 79' lang='lat' dir='ltr'><strong>transfretacionem,</strong></span> <span class='ocrx_word' id='word_1_214' title='bbox 2570 3193 2827 3253; x_wconf 79' lang='lat' dir='ltr'><strong>tradidit</strong></span> <span class='ocrx_word' id='word_1_215' title='bbox 2872 3193 3285 3272; x_wconf 85' lang='lat' dir='ltr'><strong>exequendos,</strong></span> 
     </span>
     <span class='ocr_line' id='line_1_24' title="bbox 823 3298 3291 3378; baseline 0 -22"><span class='ocrx_word' id='word_1_216' title='bbox 823 3298 1224 3359; x_wconf 88' lang='lat' dir='ltr'><strong>—Particule</strong></span> <span class='ocrx_word' id='word_1_217' title='bbox 1266 3298 1662 3359; x_wconf 88' lang='lat' dir='ltr'><strong>denariorum</strong></span> <span class='ocrx_word' id='word_1_218' title='bbox 1704 3319 1863 3378; x_wconf 93' lang='lat' dir='ltr'><strong>quos</strong></span> <span class='ocrx_word' id='word_1_219' title='bbox 1904 3299 2217 3359; x_wconf 90' lang='lat' dir='ltr'><strong>Dominus</strong></span> <span class='ocrx_word' id='word_1_220' title='bbox 2258 3300 2537 3378; x_wconf 89' lang='lat' dir='ltr'><strong>precepit</strong></span> <span class='ocrx_word' id='word_1_221' title='bbox 2580 3299 2843 3360; x_wconf 87' lang='lat' dir='ltr'><strong>diversis</strong></span> <span class='ocrx_word' id='word_1_222' title='bbox 2890 3298 3129 3359; x_wconf 84' lang='lat' dir='ltr'><strong>solvere</strong></span> <span class='ocrx_word' id='word_1_223' title='bbox 3175 3318 3291 3377; x_wconf 89' lang='lat' dir='ltr'><strong>per</strong></span> 
     </span>
     <span class='ocr_line' id='line_1_25' title="bbox 825 3403 3286 3483; baseline 0 -19"><span class='ocrx_word' id='word_1_224' title='bbox 825 3404 1151 3465; x_wconf 86' lang='lat' dir='ltr'><strong>dominum</strong></span> <span class='ocrx_word' id='word_1_225' title='bbox 1198 3404 1256 3462; x_wconf 90' lang='lat' dir='ltr'>N</span> <span class='ocrx_word' id='word_1_226' title='bbox 1280 3403 1638 3481; x_wconf 88' lang='lat' dir='ltr'><strong>[icholaum]</strong></span> <span class='ocrx_word' id='word_1_227' title='bbox 1662 3451 1674 3474; x_wconf 91' lang='lat'>,</span> <span class='ocrx_word' id='word_1_228' title='bbox 1719 3404 2175 3464; x_wconf 84' lang='lat' dir='ltr'><strong>thesaurarium</strong></span> <span class='ocrx_word' id='word_1_229' title='bbox 2221 3424 2422 3476; x_wconf 88' lang='lat' dir='ltr'><strong>suum,</strong></span> <span class='ocrx_word' id='word_1_230' title='bbox 2470 3405 2619 3464; x_wconf 89' lang='lat' dir='ltr'><strong>dum</strong></span> <span class='ocrx_word' id='word_1_231' title='bbox 2665 3404 2851 3465; x_wconf 77' lang='lat' dir='ltr'><strong>fuerit</strong></span> <span class='ocrx_word' id='word_1_232' title='bbox 2894 3404 2958 3464; x_wconf 91' lang='lat' dir='ltr'><strong>in</strong></span> <span class='ocrx_word' id='word_1_233' title='bbox 3004 3404 3286 3483; x_wconf 87' lang='lat' dir='ltr'><strong>partibus</strong></span> 
     </span>
     <span class='ocr_line' id='line_1_26' title="bbox 827 3509 3289 3591; baseline -0 -21"><span class='ocrx_word' id='word_1_234' title='bbox 827 3510 1281 3581; x_wconf 75' lang='lat' dir='ltr'><strong>transmariniS,</strong></span> <span class='ocrx_word' id='word_1_235' title='bbox 1311 3516 1520 3588; x_wconf 89' lang='lat' dir='ltr'><strong>preter</strong></span> <span class='ocrx_word' id='word_1_236' title='bbox 1545 3509 1835 3569; x_wconf 87' lang='lat' dir='ltr'><strong>denarios</strong></span> <span class='ocrx_word' id='word_1_237' title='bbox 1864 3530 2021 3589; x_wconf 87' lang='lat' dir='ltr'><strong>quos</strong></span> <span class='ocrx_word' id='word_1_238' title='bbox 2050 3510 2213 3570; x_wconf 90' lang='lat' dir='ltr'><strong>idem</strong></span> <span class='ocrx_word' id='word_1_239' title='bbox 2244 3510 2535 3571; x_wconf 88' lang='lat' dir='ltr'><strong>dominus</strong></span> <span class='ocrx_word' id='word_1_240' title='bbox 2564 3510 2644 3569; x_wconf 91' lang='lat' dir='ltr'><strong>N.</strong></span> <span class='ocrx_word' id='word_1_241' title='bbox 2674 3510 2929 3571; x_wconf 87' lang='lat' dir='ltr'><strong>domino</strong></span> <span class='ocrx_word' id='word_1_242' title='bbox 2957 3510 2997 3570; x_wconf 99' lang='lat' dir='ltr'><strong>J</strong></span> <span class='ocrx_word' id='word_1_243' title='bbox 3010 3511 3289 3591; x_wconf 83' lang='lat' dir='ltr'><strong>[ohanni]</strong></span> 
     </span>
     <span class='ocr_line' id='line_1_27' title="bbox 824 3615 3286 3695; baseline 0 -20"><span class='ocrx_word' id='word_1_244' title='bbox 824 3616 904 3677; x_wconf 89' lang='lat' dir='ltr'><strong>de</strong></span> <span class='ocrx_word' id='word_1_245' title='bbox 953 3616 1131 3677; x_wconf 83' lang='lat' dir='ltr'><strong>Clare</strong></span> <span class='ocrx_word' id='word_1_246' title='bbox 1188 3615 1466 3676; x_wconf 84' lang='lat' dir='ltr'><strong>solvebat</strong></span> <span class='ocrx_word' id='word_1_247' title='bbox 1523 3635 1712 3693; x_wconf 87' lang='lat' dir='ltr'><strong>super</strong></span> <span class='ocrx_word' id='word_1_248' title='bbox 1765 3620 2058 3693; x_wconf 89' lang='lat' dir='ltr'><strong>compoto</strong></span> <span class='ocrx_word' id='word_1_249' title='bbox 2115 3616 2262 3674; x_wconf 89' lang='lat' dir='ltr'><strong>dum</strong></span> <span class='ocrx_word' id='word_1_250' title='bbox 2324 3616 2635 3676; x_wconf 89' lang='lat' dir='ltr'><strong>Dominus</strong></span> <span class='ocrx_word' id='word_1_251' title='bbox 2692 3615 2910 3686; x_wconf 83' lang='lat' dir='ltr'><strong>abfuit,</strong></span> <span class='ocrx_word' id='word_1_252' title='bbox 2953 3622 3017 3677; x_wconf 87' lang='lat' dir='ltr'><strong>et</strong></span> <span class='ocrx_word' id='word_1_253' title='bbox 3078 3622 3286 3695; x_wconf 88' lang='lat' dir='ltr'><strong>preter</strong></span> 
     </span>
     <span class='ocr_line' id='line_1_28' title="bbox 823 3720 3287 3801; baseline -0 -20"><span class='ocrx_word' id='word_1_254' title='bbox 823 3721 1114 3783; x_wconf 80' lang='lat' dir='ltr'><strong>denarios</strong></span> <span class='ocrx_word' id='word_1_255' title='bbox 1143 3741 1301 3801; x_wconf 89' lang='lat' dir='ltr'><strong>quos</strong></span> <span class='ocrx_word' id='word_1_256' title='bbox 1329 3721 1534 3781; x_wconf 87' lang='lat' dir='ltr'><strong>dictus</strong></span> <span class='ocrx_word' id='word_1_257' title='bbox 1569 3720 1882 3781; x_wconf 89' lang='lat' dir='ltr'><strong>Dominus</strong></span> <span class='ocrx_word' id='word_1_258' title='bbox 1910 3720 1950 3780; x_wconf 99' lang='lat' dir='ltr'><strong>J</strong></span> <span class='ocrx_word' id='word_1_259' title='bbox 1971 3721 2297 3799; x_wconf 88' lang='lat' dir='ltr'><strong>[ohannes]</strong></span> <span class='ocrx_word' id='word_1_260' title='bbox 2343 3720 2545 3781; x_wconf 88' lang='lat' dir='ltr'><strong>eidem</strong></span> <span class='ocrx_word' id='word_1_261' title='bbox 2589 3722 2843 3781; x_wconf 88' lang='lat' dir='ltr'><strong>domino</strong></span> <span class='ocrx_word' id='word_1_262' title='bbox 2887 3722 2966 3780; x_wconf 90' lang='lat' dir='ltr'><strong>N.</strong></span> <span class='ocrx_word' id='word_1_263' title='bbox 3008 3722 3287 3801; x_wconf 89' lang='lat' dir='ltr'><strong>precepit</strong></span> 
     </span>
     <span class='ocr_line' id='line_1_29' title="bbox 821 3826 2610 3906; baseline -0.001 -17"><span class='ocrx_word' id='word_1_264' title='bbox 821 3827 1064 3889; x_wconf 82' lang='lat' dir='ltr'><strong>solvere</strong></span> <span class='ocrx_word' id='word_1_265' title='bbox 1106 3826 1514 3887; x_wconf 83' lang='lat' dir='ltr'><strong>creditoribus</strong></span> <span class='ocrx_word' id='word_1_266' title='bbox 1558 3827 1815 3887; x_wconf 92' lang='lat' dir='ltr'><strong>Domini</strong></span> <span class='ocrx_word' id='word_1_267' title='bbox 1858 3832 1922 3887; x_wconf 89' lang='lat' dir='ltr'><strong>et</strong></span> <span class='ocrx_word' id='word_1_268' title='bbox 1964 3827 2103 3888; x_wconf 90' lang='lat' dir='ltr'><strong>aliis</strong></span> <span class='ocrx_word' id='word_1_269' title='bbox 2144 3847 2219 3887; x_wconf 85' lang='lat' dir='ltr'><strong>ex</strong></span> <span class='ocrx_word' id='word_1_270' title='bbox 2259 3832 2438 3906; x_wconf 89' lang='lat' dir='ltr'><strong>parte</strong></span> <span class='ocrx_word' id='word_1_271' title='bbox 2479 3848 2610 3887; x_wconf 89' lang='lat' dir='ltr'><strong>sua.</strong></span> 
     </span>
    </p>
   </div>
   <div class='ocr_carea' id='block_1_5' title="bbox 816 3963 3282 4149">
    <p class='ocr_par' dir='ltr' id='par_1_5' title="bbox 816 3963 3282 4149">
     <span class='ocr_line' id='line_1_30' title="bbox 986 3963 3282 4043; baseline 0.001 -21"><span class='ocrx_word' id='word_1_272' title='bbox 986 3963 1256 4024; x_wconf 91' lang='lat' dir='ltr'><strong>Domine</strong></span> <span class='ocrx_word' id='word_1_273' title='bbox 1295 3963 1334 4022; x_wconf 91' lang='lat' dir='ltr'><strong>J</strong></span> <span class='ocrx_word' id='word_1_274' title='bbox 1337 3963 1563 4033; x_wconf 87' lang='lat' dir='ltr'><strong>uliane,</strong></span> <span class='ocrx_word' id='word_1_275' title='bbox 1607 3963 1823 4033; x_wconf 86' lang='lat' dir='ltr'><strong>sorori,</strong></span> <span class='ocrx_word' id='word_1_276' title='bbox 1867 3984 1905 4022; x_wconf 87' lang='lat' dir='ltr'>x</span> <span class='ocrx_word' id='word_1_277' title='bbox 1950 3984 2190 4024; x_wconf 86' lang='lat' dir='ltr'><strong>marcas</strong></span> <span class='ocrx_word' id='word_1_278' title='bbox 2232 3984 2344 4043; x_wconf 90' lang='lat' dir='ltr'><strong>per</strong></span> <span class='ocrx_word' id='word_1_279' title='bbox 2382 3964 2626 4024; x_wconf 86' lang='lat' dir='ltr'><strong>litteras</strong></span> <span class='ocrx_word' id='word_1_280' title='bbox 2666 3969 2957 4043; x_wconf 86' lang='lat' dir='ltr'><strong>patentes</strong></span> <span class='ocrx_word' id='word_1_281' title='bbox 2998 3965 3061 4023; x_wconf 92' lang='lat' dir='ltr'><strong>in</strong></span> <span class='ocrx_word' id='word_1_282' title='bbox 3104 3970 3282 4043; x_wconf 85' lang='lat' dir='ltr'><strong>parte</strong></span> 
     </span>
     <span class='ocr_line' id='line_1_31' title="bbox 816 4069 1590 4149; baseline -0.005 -18"><span class='ocrx_word' id='word_1_283' title='bbox 816 4069 1443 4149; x_wconf 86' lang='lat' dir='ltr'><strong>recompensacionis,</strong></span> <span class='ocrx_word' id='word_1_284' title='bbox 1473 4074 1590 4129; x_wconf 90' lang='lat' dir='ltr'><strong>etc.</strong></span> 
     </span>
    </p>
   </div>
   <div class='ocr_carea' id='block_1_6' title="bbox 820 4186 3277 4373">
    <p class='ocr_par' dir='ltr' id='par_1_6' title="bbox 820 4186 3277 4373">
     <span class='ocr_line' id='line_1_32' title="bbox 987 4186 3277 4268; baseline -0 -21"><span class='ocrx_word' id='word_1_285' title='bbox 987 4187 1260 4249; x_wconf 90' lang='lat' dir='ltr'><strong>Domino</strong></span> <span class='ocrx_word' id='word_1_286' title='bbox 1305 4186 1584 4265; x_wconf 86' lang='lat' dir='ltr'><strong>Symoni,</strong></span> <span class='ocrx_word' id='word_1_287' title='bbox 1627 4187 1992 4266; x_wconf 87' lang='lat' dir='ltr'><strong>presbiter0,</strong></span> <span class='ocrx_word' id='word_1_288' title='bbox 2043 4189 2119 4249; x_wconf 88' lang='lat' dir='ltr'><strong>de</strong></span> <span class='ocrx_word' id='word_1_289' title='bbox 2168 4188 2601 4249; x_wconf 88' lang='lat' dir='ltr'><strong>elemosinaria</strong></span> <span class='ocrx_word' id='word_1_290' title='bbox 2648 4207 2762 4266; x_wconf 93' lang='lat' dir='ltr'><strong>pro</strong></span> <span class='ocrx_word' id='word_1_291' title='bbox 2815 4188 3087 4268; x_wconf 86' lang='lat' dir='ltr'><strong>quodam</strong></span> <span class='ocrx_word' id='word_1_292' title='bbox 3140 4207 3277 4267; x_wconf 92' lang='lat' dir='ltr'><strong>por-</strong></span> 
     </span>
     <span class='ocr_line' id='line_1_33' title="bbox 820 4293 2529 4373; baseline -0.001 -19"><span class='ocrx_word' id='word_1_293' title='bbox 820 4294 1054 4365; x_wconf 88' lang='lat' dir='ltr'><strong>titorio,</strong></span> <span class='ocrx_word' id='word_1_294' title='bbox 1097 4294 1263 4372; x_wconf 89' lang='lat' dir='ltr'><strong>quod</strong></span> <span class='ocrx_word' id='word_1_295' title='bbox 1305 4293 1618 4373; x_wconf 87' lang='lat' dir='ltr'><strong>quondam</strong></span> <span class='ocrx_word' id='word_1_296' title='bbox 1662 4293 1782 4353; x_wconf 78' lang='lat' dir='ltr'><strong>fuit</strong></span> <span class='ocrx_word' id='word_1_297' title='bbox 1825 4294 1925 4353; x_wconf 92' lang='lat' dir='ltr'><strong>W.</strong></span> <span class='ocrx_word' id='word_1_298' title='bbox 1970 4294 2132 4367; x_wconf 81' lang='lat' dir='ltr'><strong>Rufi,</strong></span> <span class='ocrx_word' id='word_1_299' title='bbox 2176 4294 2238 4352; x_wconf 83' lang='lat' dir='ltr'><strong>xl</strong></span> <span class='ocrx_word' id='word_1_300' title='bbox 2280 4294 2529 4355; x_wconf 89' lang='lat' dir='ltr'><strong>solidos.</strong></span> 
     </span>
    </p>
   </div>
   <div class='ocr_carea' id='block_1_7' title="bbox 823 4409 3283 4703">
    <p class='ocr_par' dir='ltr' id='par_1_7' title="bbox 823 4409 3283 4703">
     <span class='ocr_line' id='line_1_34' title="bbox 986 4409 3283 4490; baseline 0 -20"><span class='ocrx_word' id='word_1_301' title='bbox 986 4411 1150 4472; x_wconf 90' lang='lat' dir='ltr'><strong>Item</strong></span> <span class='ocrx_word' id='word_1_302' title='bbox 1193 4416 1554 4489; x_wconf 88' lang='lat' dir='ltr'><strong>preceptum</strong></span> <span class='ocrx_word' id='word_1_303' title='bbox 1596 4410 1715 4471; x_wconf 79' lang='lat' dir='ltr'><strong>fuit</strong></span> <span class='ocrx_word' id='word_1_304' title='bbox 1753 4409 1957 4471; x_wconf 88' lang='lat' dir='ltr'><strong>eidem</strong></span> <span class='ocrx_word' id='word_1_305' title='bbox 1994 4411 2249 4471; x_wconf 91' lang='lat' dir='ltr'><strong>domino</strong></span> <span class='ocrx_word' id='word_1_306' title='bbox 2291 4410 2371 4469; x_wconf 95' lang='lat' dir='ltr'><strong>N.</strong></span> <span class='ocrx_word' id='word_1_307' title='bbox 2416 4412 2581 4490; x_wconf 88' lang='lat' dir='ltr'><strong>quod</strong></span> <span class='ocrx_word' id='word_1_308' title='bbox 2622 4411 2877 4471; x_wconf 88' lang='lat' dir='ltr'><strong>domino</strong></span> <span class='ocrx_word' id='word_1_309' title='bbox 2922 4412 3283 4489; x_wconf 87' lang='lat' dir='ltr'><strong>[Willelmo]</strong></span> 
     </span>
     <span class='ocr_line' id='line_1_35' title="bbox 823 4515 3278 4595; baseline 0 -18"><span class='ocrx_word' id='word_1_310' title='bbox 823 4516 1190 4578; x_wconf 86' lang='lat' dir='ltr'><strong>Precentori</strong></span> <span class='ocrx_word' id='word_1_311' title='bbox 1231 4516 1500 4577; x_wconf 82' lang='lat' dir='ltr'><strong>solveret</strong></span> <span class='ocrx_word' id='word_1_312' title='bbox 1539 4515 1708 4575; x_wconf 88' lang='lat' dir='ltr'><strong>illam</strong></span> <span class='ocrx_word' id='word_1_313' title='bbox 1753 4536 2065 4577; x_wconf 89' lang='lat' dir='ltr'><strong>summam</strong></span> <span class='ocrx_word' id='word_1_314' title='bbox 2110 4518 2503 4577; x_wconf 88' lang='lat' dir='ltr'><strong>denariorum</strong></span> <span class='ocrx_word' id='word_1_315' title='bbox 2547 4536 2660 4595; x_wconf 90' lang='lat' dir='ltr'><strong>pro</strong></span> <span class='ocrx_word' id='word_1_316' title='bbox 2699 4516 2852 4577; x_wconf 89' lang='lat' dir='ltr'><strong>roba</strong></span> <span class='ocrx_word' id='word_1_317' title='bbox 2892 4517 3187 4578; x_wconf 79' lang='lat' dir='ltr'><strong>cendalle⁸</strong></span> <span class='ocrx_word' id='word_1_318' title='bbox 3212 4522 3278 4577; x_wconf 89' lang='lat' dir='ltr'><strong>et</strong></span> 
     </span>
     <span class='ocr_line' id='line_1_36' title="bbox 823 4622 3279 4703; baseline -0 -20"><span class='ocrx_word' id='word_1_319' title='bbox 823 4624 1035 4685; x_wconf 78' lang='lat' dir='ltr'><strong>fotura</strong></span> <span class='ocrx_word' id='word_1_320' title='bbox 1081 4642 1196 4702; x_wconf 90' lang='lat' dir='ltr'><strong>pro</strong></span> <span class='ocrx_word' id='word_1_321' title='bbox 1245 4622 1485 4682; x_wconf 87' lang='lat' dir='ltr'><strong>clericis</strong></span> <span class='ocrx_word' id='word_1_322' title='bbox 1535 4628 1598 4681; x_wconf 90' lang='lat' dir='ltr'><strong>et</strong></span> <span class='ocrx_word' id='word_1_323' title='bbox 1648 4622 1961 4683; x_wconf 80' lang='lat' dir='ltr'><strong>scutiferis</strong></span> <span class='ocrx_word' id='word_1_324' title='bbox 2010 4623 2076 4681; x_wconf 91' lang='lat' dir='ltr'><strong>in</strong></span> <span class='ocrx_word' id='word_1_325' title='bbox 2130 4622 2354 4702; x_wconf 86' lang='lat' dir='ltr'><strong>Anglia</strong></span> <span class='ocrx_word' id='word_1_326' title='bbox 2404 4622 2792 4683; x_wconf 88' lang='lat' dir='ltr'><strong>morantibus</strong></span> <span class='ocrx_word' id='word_1_327' title='bbox 2840 4624 2918 4684; x_wconf 84' lang='lat' dir='ltr'><strong>ad</strong></span> <span class='ocrx_word' id='word_1_328' title='bbox 2968 4624 3279 4703; x_wconf 84' lang='lat' dir='ltr'><strong>seysinam</strong></span> 
     </span>
    </p>
   </div>
   <div class='ocr_carea' id='block_1_8' title="bbox 939 4756 3077 4902">
    <p class='ocr_par' dir='ltr' id='par_1_8' title="bbox 939 4756 3077 4902">
     <span class='ocr_line' id='line_1_37' title="bbox 943 4756 3077 4803; baseline 0.001 -4"><span class='ocrx_word' id='word_1_329' title='bbox 943 4758 1148 4799; x_wconf 79' lang='lat' dir='ltr'><strong>1—-Land</strong></span> <span class='ocrx_word' id='word_1_330' title='bbox 1177 4758 1224 4797; x_wconf 84' lang='lat' dir='ltr'><strong>in</strong></span> <span class='ocrx_word' id='word_1_331' title='bbox 1250 4756 1496 4798; x_wconf 81' lang='lat' dir='ltr'><strong>Wiltshire</strong></span> <span class='ocrx_word' id='word_1_332' title='bbox 1525 4756 1768 4803; x_wconf 68' lang='lat' dir='ltr'><strong>belonging</strong></span> <span class='ocrx_word' id='word_1_333' title='bbox 1795 4761 1847 4798; x_wconf 86' lang='lat' dir='ltr'><strong>to</strong></span> <span class='ocrx_word' id='word_1_334' title='bbox 1873 4759 1955 4799; x_wconf 84' lang='lat' dir='ltr'><strong>the</strong></span> <span class='ocrx_word' id='word_1_335' title='bbox 1985 4759 2072 4799; x_wconf 83' lang='lat' dir='ltr'><strong>See</strong></span> <span class='ocrx_word' id='word_1_336' title='bbox 2099 4758 2140 4799; x_wconf 81' lang='lat' dir='ltr'><strong>is</strong></span> <span class='ocrx_word' id='word_1_337' title='bbox 2166 4758 2335 4799; x_wconf 79' lang='lat' dir='ltr'><strong>valued</strong></span> <span class='ocrx_word' id='word_1_338' title='bbox 2364 4758 2409 4798; x_wconf 82' lang='lat' dir='ltr'><strong>in</strong></span> <span class='ocrx_word' id='word_1_339' title='bbox 2438 4760 2519 4799; x_wconf 80' lang='lat' dir='ltr'><strong>the</strong></span> <span class='ocrx_word' id='word_1_340' title='bbox 2543 4757 2746 4800; x_wconf 73' lang='lat' dir='ltr'><strong>&#39;taxatio</strong></span> <span class='ocrx_word' id='word_1_341' title='bbox 2772 4758 2873 4800; x_wconf 83' lang='lat' dir='ltr'><strong>Nic.</strong></span> <span class='ocrx_word' id='word_1_342' title='bbox 2901 4763 2952 4800; x_wconf 73' lang='lat' dir='ltr'><strong>at</strong></span> <span class='ocrx_word' id='word_1_343' title='bbox 2978 4760 3077 4801; x_wconf 66' lang='lat'><strong>210.</strong></span> 
     </span>
     <span class='ocr_line' id='line_1_38' title="bbox 939 4806 1888 4850; baseline -0.001 -1"><span class='ocrx_word' id='word_1_344' title='bbox 939 4810 1111 4850; x_wconf 80' lang='lat' dir='ltr'><strong>2—The</strong></span> <span class='ocrx_word' id='word_1_345' title='bbox 1139 4820 1278 4849; x_wconf 76' lang='lat' dir='ltr'><strong>name</strong></span> <span class='ocrx_word' id='word_1_346' title='bbox 1305 4808 1394 4848; x_wconf 72' lang='lat' dir='ltr'><strong>has</strong></span> <span class='ocrx_word' id='word_1_347' title='bbox 1421 4811 1503 4849; x_wconf 87' lang='lat' dir='ltr'><strong>not</strong></span> <span class='ocrx_word' id='word_1_348' title='bbox 1533 4807 1646 4849; x_wconf 81' lang='lat' dir='ltr'><strong>been</strong></span> <span class='ocrx_word' id='word_1_349' title='bbox 1673 4806 1797 4848; x_wconf 82' lang='lat' dir='ltr'><strong>filled</strong></span> <span class='ocrx_word' id='word_1_350' title='bbox 1826 4808 1888 4848; x_wconf 85' lang='lat' dir='ltr'><strong>in.</strong></span> 
     </span>
     <span class='ocr_line' id='line_1_39' title="bbox 939 4856 1937 4902; baseline -0.002 -2"><span class='ocrx_word' id='word_1_351' title='bbox 939 4856 1264 4902; x_wconf 73' lang='lat' dir='ltr'><strong>S-Cendalle.</strong></span> <span class='ocrx_word' id='word_1_352' title='bbox 1293 4870 1323 4900; x_wconf 79' lang='lat' dir='ltr'><strong>a</strong></span> <span class='ocrx_word' id='word_1_353' title='bbox 1349 4856 1440 4899; x_wconf 78' lang='lat' dir='ltr'><strong>fine</strong></span> <span class='ocrx_word' id='word_1_354' title='bbox 1469 4858 1592 4899; x_wconf 85' lang='lat' dir='ltr'><strong>linen</strong></span> <span class='ocrx_word' id='word_1_355' title='bbox 1620 4856 1742 4899; x_wconf 78' lang='lat' dir='ltr'><strong>stufl&#39;</strong></span> <span class='ocrx_word' id='word_1_356' title='bbox 1766 4870 1821 4899; x_wconf 85' lang='lat' dir='ltr'><strong>or</strong></span> <span class='ocrx_word' id='word_1_357' title='bbox 1846 4857 1937 4899; x_wconf 82' lang='lat' dir='ltr'><strong>silk</strong></span> 
     </span>
    </p>
   </div>
  </div>
 </body>
</html>
