3619 5868
726 524 841 584 132
1379 523 1737 602 Reqistrwn
1793 522 2013 583 Thome
2067 523 2139 582 de
2198 522 2529 602 Cantilupo

715 747 866 809 dicti
910 748 1231 828 capellani,
1283 748 1545 809 Walteri
1595 748 1704 807 filii
1753 748 2065 809 Johannis
2105 748 2183 808 de
2226 748 2503 828 Linleye‚
2554 753 2619 808 et
2666 747 2930 808 aliorum
2978 747 3179 808 homi-

715 875 870 914 num
903 861 1261 916 nostrorum
1273 875 1288 927 ;
1328 861 1392 916 et
1425 876 1500 917 ea
1532 861 1706 916 extra
1733 860 2016 916 nostram
2049 854 2401 916 libertatem
2436 855 2835 926 abducentes,
2864 854 3177 915 tolnetum

713 959 911 1020 eciam
953 961 1030 1021 ab
1070 961 1432 1036 hominibus
1474 961 1723 1033 nostris,
1768 962 2057 1023 libertate
2098 961 2381 1022 Ecclesie
2422 967 2635 1022 nostre
2683 980 2811 1022 non
2866 960 3177 1032 obstante,

713 1065 780 1126 in
823 1067 954 1127 suis
996 1068 1373 1129 mercatibus
1413 1074 1875 1148 extorquenteS,
1917 1068 1984 1128 in
2022 1068 2434 1148 prejudicium
2471 1068 2832 1130 libertatum
2871 1068 3071 1129 nostri
3112 1073 3178 1130 et

715 1172 998 1233 Ecclesie
1039 1179 1253 1234 nostre
1286 1179 1350 1234 et
1379 1173 1724 1254 dampnum
1752 1194 1881 1233 non
1923 1173 2238 1235 modicum
2280 1194 2393 1234 seu
2433 1193 2787 1254 gravamen.
2872 1174 3178 1248 Quocirca

713 1279 888 1340 vobis
947 1280 1319 1341 mandamus
1376 1287 1594 1342 tenore
1651 1281 2045 1360 presencium
2104 1281 2368 1343 firmiter
2424 1281 2823 1361 injungentes
2882 1281 3178 1360 quatinus

709 1384 778 1444 in
829 1385 1089 1464 singulis
1139 1385 1440 1447 Ecclesiis
1488 1392 1839 1447 vestrorum
1884 1388 2321 1458 decanatuum,
2372 1391 2436 1448 et
2484 1387 2753 1447 maxime
2802 1386 2867 1445 in
2917 1386 3181 1447 ecclesia

713 1490 791 1551 de
832 1491 1054 1552 Monte
1100 1492 1354 1554 Gomeri
1401 1497 1463 1553 et
1509 1493 1772 1554 ecclesia
1818 1494 1894 1554 de
1940 1492 2425 1573 Ghyrchestoke,
2473 1493 2688 1554 habita
2732 1493 2810 1554 de
2854 1493 3178 1573 premissis

710 1595 1122 1676 inquisicione
1164 1598 1463 1678 diligenti,
1509 1599 1562 1660 si
1603 1599 1968 1660 inveneritis
2012 1600 2101 1660 ita
2140 1620 2297 1672 esse,
2328 1605 2479 1661 tunc
2508 1600 2785 1680 legitima
2826 1600 3180 1663 monicione

711 1703 1033 1781 premissa,
1084 1704 1206 1764 nisi
1256 1704 1442 1765 fuerit
1491 1705 1672 1766 nobis
1720 1710 1786 1766 et
1842 1705 2125 1766 Ecclesie
2179 1712 2393 1766 nostre
2448 1707 2526 1767 de
2580 1706 2877 1785 predictis
2933 1707 3179 1786 injuriis

711 1807 874 1868 infra
915 1813 1057 1870 octo
1099 1810 1232 1871 dies
1275 1810 1685 1882 satisfactum,
1728 1831 1949 1873 omnes
1991 1812 2191 1873 dictos
2240 1817 2731 1892 transgressores
2780 1813 3171 1874 sentenciam

710 1914 966 1993 maioris
1008 1916 1675 1977 excommunicacionis
1717 1917 2054 1979 incurrisse
2096 1918 2235 1998 ipso
2276 1918 2442 1979 facto
2492 1918 2737 1998 publice
2780 1924 2844 1980 et
2886 1919 3176 1998 sollemp-

709 2020 875 2080 niter
914 2021 1304 2082 denuncietis
1345 2022 1410 2081 in
1452 2041 1694 2102 genere.
1780 2024 1945 2098 Quid
1988 2030 2198 2085 autem
2256 2045 2443 2104 super
2505 2025 2627 2086 hiis
2682 2025 2955 2086 feceritis
2996 2026 3178 2089 nobis

707 2125 866 2186 citra
914 2126 1146 2187 festum
1203 2127 1386 2188 Beati
1435 2127 1885 2201 Bartholomei,
1937 2129 2239 2209 Apostoli,
2289 2130 2662 2211 ubicunque,
2710 2137 2865 2202 etc.;
2922 2132 3177 2192 interim

709 2238 921 2294 autem
967 2235 1045 2294 de
1092 2233 1450 2295 nominibus
1491 2241 2022 2314 transgressorum
2064 2237 2311 2316 plenius
2352 2237 2777 2317 inquirentes;
2822 2239 2899 2298 de
2940 2237 3168 2317 quibus

710 2339 907 2400 eciam
972 2360 1087 2401 nos
1145 2340 1486 2402 certificare
1545 2342 1776 2402 curetis
1840 2343 1996 2403 citra
2057 2342 2319 2403 Festum
2382 2343 2669 2422 superius
2738 2349 3173 2404 memoratum.

705 2446 1004 2508 Valeatis.
1116 2446 1354 2507 Datum
1404 2447 1571 2527 apud
1628 2447 1905 2528 Sugwas,
1962 2448 2045 2528 vij
2106 2449 2261 2510 Idus
2317 2447 2601 2529 Augusti,
2660 2448 3173 2510 Consecracionis

709 2557 922 2613 nostre
964 2572 1130 2613 anno
1173 2553 1466 2613 secundo.

706 2809 861 2888 Auq.
905 2808 1344 2870 5.·—Mandate
1395 2816 1452 2870 to
1513 2809 1610 2870 the
1650 2809 1831 2870 Deam
1869 2811 1940 2890 of
1988 2810 2366 2888 Pontesbury
2410 2817 2469 2872 to
2530 2810 2673 2872 hold
2728 2810 2982 2890 inquiry
3040 2811 3168 2872 and

951 2897 1149 2970 repert
1192 2889 1290 2952 the,
1331 2910 1534 2952 names
1568 2892 1640 2972 of
1675 2890 1839 2953 those
1877 2891 2010 2952 who
2054 2891 2203 2953 have
2238 2891 2457 2954 robbed
2500 2891 2598 2953 the
2636 2891 2823 2953 Prior
2858 2894 2930 2974 of
2962 2892 3171 2955 Alber-

948 2971 1684 3114 ?xumnffnttclzctgnliapel
1719 2974 1790 3053 of
1824 2974 2069 3045 Bettws,
2112 2972 2239 3033 and
2283 2981 2340 3035 to
2374 2973 2757 3053 promaslqatc
2798 2981 3067 3036 sentence
3104 2975 3176 3054 of

869 3208 1142 3269 Dsomo
1191 3226 1277 3268 mn
1335 3209 2246 3270 Ponrsssrar.—Mandatum
2300 3215 2399 3271 est
2455 3210 2712 3271 Decano
2765 3210 2845 3272 de
2899 3210 3162 3272 Pontes-

707 3312 865 3392 byry
905 3314 1073 3393 quod
1117 3315 1453 3375 denunciet
1501 3315 1566 3375 in
1610 3334 1836 3395 genere
1884 3316 2457 3377 excommunicatos
2497 3336 2717 3377 omnes
2758 3316 2885 3396 qui,
2952 3323 3173 3378 contra

705 3418 1192 3480 immunitatem¹
1236 3420 1520 3482 Ecclesie
1581 3426 1646 3481 et
1703 3421 2059 3483 libertatem
2118 3422 2506 3493 Herefordie,
2566 3422 3051 3503 depredaciones
3108 3428 3174 3484 et

706 3524 1030 3605 sacrilegia
1081 3526 1530 3587 commiserunt
1581 3527 1648 3586 in
1701 3526 1882 3589 bonis
1934 3528 2169 3588 Prioris
2221 3527 2299 3588 de
2347 3526 2662 3607 Albebury
2703 3534 2767 3589 et
2809 3528 3047 3607 capelle
3087 3528 3166 3590 de

705 3630 996 3691 Betteus²
1063 3631 1438 3710 pertinentis
1520 3652 1634 3711 pro
1716 3638 1895 3711 parte
1979 3632 2059 3692 ad
2136 3632 2417 3693 Priorem
2491 3632 2569 3693 de
2638 3632 3003 3711 Chirebury,
3074 3633 3167 3693 in-

702 3736 1051 3816 quisicione
1106 3736 1321 3797 habita
1375 3742 1439 3799 et
1495 3737 1773 3817 legitima
1821 3737 2173 3799 monicione
2220 3738 2543 3817 premissa,
2586 3743 2651 3799 et
2699 3739 2865 3818 quod
2914 3738 3172 3800 nomina

706 3843 1177 3905 malefactorum
1227 3844 1519 3924 inquirat,
1570 3849 1634 3905 et
1683 3864 1873 3923 super
1910 3843 2036 3904 hiis
2078 3863 2195 3904 nos
2235 3843 2579 3905 certificet.⁸
2682 3844 2919 3904 Datum
2964 3844 3169 3905 Nonis

707 3947 991 4027 Augusti.
1116 3948 1281 4009 Item
1351 3948 1720 4009 mandatum
1779 3953 1880 4010 est
1941 3948 2143 4009 eidem
2205 3949 2372 4028 quod
2434 3968 2654 4009 omnes
2716 3948 2917 4011 dictos
2978 3950 3165 4012 male-

705 4052 992 4125 factores,
1050 4054 1351 4115 canonica
1413 4054 1764 4115 monicione
1826 4054 2151 4133 premissa,
2214 4054 2712 4116 excommunicet
2774 4055 3170 4116 nominatim.

707 4160 944 4220 Datum
999 4159 1066 4219 in
1123 4158 1312 4220 Festo
1362 4158 1837 4240 Assumpcionis
1886 4160 2085 4221 Beate
2133 4160 2426 4239 Virginis,
2476 4166 2541 4221 et
2597 4161 2964 4222 certificabit
3013 4162 3171 4222 citra

708 4264 1122 4325 Nativitatem
1180 4264 1378 4327 Beate
1433 4265 1726 4345 Virginis.

825 4816 952 4855 l—In
982 4816 1082 4857 MS.
1109 4812 1455 4861 nummatam.
1483 4826 1540 4857 as
1566 4814 1670 4857 alno
1695 4814 1859 4857 below.

820 4866 1044 4912 2-Betty
1082 4876 1113 4911 ν
1138 4866 1270 4906 Cwm
1296 4876 1400 4906 was
1433 4864 1482 4905 in
1519 4866 1613 4907 1³³1
1650 4878 1680 4907 a
1711 4864 2014 4914 dependeney
2047 4864 2098 4909 of
2134 4866 2217 4909 the
2258 4866 2429 4908 Pan-ish
2469 4866 2659 4909 Chat-ch
2694 4864 2745 4909 of
2778 4866 2915 4910 clun.
2982 4864 3177 4915 (Eyton.

699 4911 1422 5011 sumas-„eam
