3619 5868
1205 522 1507 603 Episcopi
1561 523 2044 604 Hercfordcnsts.
2740 529 2859 589 109

387 743 470 803 ad
529 751 817 806 nostrum
877 748 1276 808 commodum
1339 747 1556 808 cedere
1619 768 1807 827 super
1869 755 2161 828 compoto
2220 750 2652 829 tangebantur,
2710 771 2859 812 vera

389 855 606 911 tamen
647 851 940 912 voluntas
981 857 1198 912 nostra
1238 852 1303 912 in
1346 852 1469 912 hiis
1511 853 1864 932 expressius
1905 853 2182 933 patefiat,
2226 861 2290 915 et
2331 875 2477 916 vero
2505 875 2617 916 vos
2652 855 2855 935 ipsam

385 955 778 1018 voluntatem
819 963 1100 1018 nostram
1145 959 1236 1019 sic
1276 958 1452 1018 vobis
1496 958 1873 1020 declaratam
1912 959 2262 1039 sequamini
2298 961 2364 1020 in
2404 961 2703 1032 honestiS,
2738 982 2857 1023 nec

385 1068 609 1122 contra
658 1063 861 1142 ipsam
910 1065 1120 1125 venire
1178 1065 1244 1123 in
1304 1064 1511 1144 aliquo
1569 1065 1965 1144 presumatis.
2067 1065 2145 1124 In
2203 1067 2423 1145 primis
2482 1067 2856 1130 mandamus

383 1169 686 1247 quatinus
735 1170 1048 1230 redditum
1097 1176 1384 1231 nostrum
1441 1171 1518 1231 de
1575 1171 1700 1230 isto
1758 1171 2027 1231 termino
2088 1172 2304 1233 Sancti
2362 1171 2607 1234 Andree
2656 1179 2720 1234 et
2776 1175 2854 1235 de

382 1273 528 1334 aliis
568 1275 853 1336 terminis
894 1276 1150 1336 insimul
1191 1276 1436 1336 faciatis
1492 1276 1571 1336 ad
1626 1276 1978 1356 prepositos
2025 1277 2305 1338 locorum
2346 1278 2587 1358 integre
2628 1279 2853 1358 colligi,

383 1385 452 1439 et
521 1381 820 1441 custodiri
891 1381 970 1441 ad
1037 1401 1197 1460 opus
1260 1387 1564 1452 nostrum,
1629 1400 1953 1462 quousque
2016 1402 2129 1462 pro
2187 1383 2407 1444 eodem
2468 1390 2854 1464 receptorem

383 1486 743 1547 miserimus
793 1488 1165 1567 specialem;
1225 1488 1315 1548 ita
1369 1488 1536 1567 quod
1583 1487 1778 1546 nichil
1827 1488 1973 1549 inde
2021 1488 2087 1546 in
2130 1488 2285 1550 alios
2327 1509 2479 1550 usus
2521 1495 2855 1570 quantum-

385 1612 635 1672 cunque
690 1593 1074 1654 necessarios
1130 1593 1548 1672 expendatur;
1609 1598 1673 1653 et
1728 1593 1897 1673 quod
1951 1593 2029 1654 de
2084 1594 2146 1653 lx
2201 1594 2375 1655 libris
2424 1595 2523 1655 vel
2571 1595 2735 1656 circa
2776 1597 2855 1658 de

384 1701 696 1780 arreragio
759 1701 1218 1780 prepositorum
1280 1706 1344 1761 et
1405 1700 1670 1761 aliorum
1732 1700 2164 1761 ministrorum
2234 1703 2508 1782 compoti
2570 1703 2855 1782 preteriti

381 1805 673 1866 leventur
727 1806 790 1864 xl
847 1805 1002 1867 libre
1059 1807 1342 1867 celeriter
1398 1826 1519 1886 que
1576 1809 1897 1884 parentur¹
1944 1826 2058 1886 pro
2115 1807 2479 1868 clarissimis
2531 1809 2857 1888 arreragiis

383 1932 500 1992 per
552 1912 977 1973 omnimodam
1033 1913 1484 1983 cohercionem,
1528 1918 1594 1973 et
1632 1913 1952 1993 preposito
1995 1914 2071 1974 de
2113 1913 2489 1993 Prestebyry
2530 1934 2642 1994 per
2682 1915 2856 1994 ipsos

383 2019 494 2097 qui
550 2019 788 2079 dictum
845 2019 1222 2097 arreragium
1281 2017 1509 2078 debent
1567 2024 1914 2097 portentur,
1958 2025 2023 2079 et
2080 2039 2192 2098 per
2248 2019 2454 2080 tallias
2512 2020 2857 2082 liberentur

384 2124 505 2184 hac
562 2125 715 2195 vice,
765 2130 855 2195 ut,
915 2145 1060 2184 cum
1128 2144 1245 2185 nos
1313 2124 1480 2204 apud
1539 2123 1916 2204 Prestebyry
1974 2125 2040 2182 in
2097 2124 2268 2185 brevi
2328 2125 2682 2186 miserimus
2740 2146 2855 2206 pro

385 2229 643 2300 eisdem,
700 2230 888 2291 dicte*
934 2230 996 2288 xl
1049 2229 1205 2291 libre
1259 2230 1506 2309 possint
1561 2229 1827 2290 inveniri
1874 2235 2108 2308 parate.
2210 2229 2375 2291 Item
2426 2231 2593 2311 quod
2641 2231 2853 2292 nullus
2968 2264 2977 2271 ·

383 2337 742 2416 prepositus
783 2337 860 2397 de
901 2340 1109 2397 cetero
1149 2335 1249 2397 vel
1289 2336 1449 2396 alius
1491 2336 1778 2396 minister
1818 2335 2038 2396 liberet
2072 2336 2177 2396 alii
2210 2336 2530 2416 preposito
2564 2336 2853 2398 denarios

383 2461 544 2521 quos
601 2441 704 2503 ille
759 2441 1029 2519 liberans
1085 2441 1273 2502 habet
1328 2441 1589 2502 liberare
1644 2441 1723 2501 ad
1777 2441 2183 2520 garderobam
2239 2447 2538 2514 nostram,
2596 2448 2854 2522 propter

381 2548 661 2628 pericula
701 2567 823 2628 que
870 2547 1129 2609 iminere
1170 2552 1430 2627 possent
1469 2547 1794 2627 recipienti
1844 2553 1909 2608 et
1963 2567 2039 2627 pr
2060 2553 2219 2626 »pter
2258 2547 2599 2609 mixciones
2640 2568 2851 2628 recep-

383 2655 672 2726 cionum;
715 2659 811 2716 set
852 2654 956 2714 ille
996 2653 1268 2714 liberans
1309 2653 1542 2714 directe
1583 2653 1804 2714 liberet
1845 2653 1925 2713 ad
1965 2654 2370 2733 garderobam
2411 2660 2711 2725 nostram,
2748 2654 2851 2716 vel

382 2761 474 2820 1111
517 2781 705 2842 quem
747 2761 824 2820 ad
866 2759 1226 2839 hujusmodi
1267 2759 1696 2839 recepcionem
1739 2758 2093 2838 specialiter
2135 2759 2659 2837 deputaverimus,
2705 2759 2845 2820 istis

381 2866 686 2947 predictis
735 2865 1058 2945 arreragiis
1110 2863 1434 2924 dumtaxat
1486 2864 1762 2943 exceptis
1804 2883 1879 2924 ex
1922 2884 2112 2924 causa
2151 2884 2275 2945 qua
2316 2864 2485 2924 dicto
2525 2864 2847 2945 preposito

383 2973 461 3034 de
502 2972 881 3051 Prestebyry
913 2971 1202 3031 volumus
1235 2970 1513 3031 liberare.
1598 2970 1764 3032 Item
1799 2970 1967 3049 quod
1999 2970 2209 3031 nullus
2242 2970 2599 3051 prepositus
2627 2971 2848 3033 liberet

383 3072 460 3139 de
520 3084 727 3139 cetero
785 3076 1057 3147 bladum,
1107 3076 1419 3147 animalia,
1469 3076 1566 3136 vel
1625 3075 1794 3135 aliud
1851 3075 2205 3137 instaurum
2263 3075 2487 3138 ballive
2549 3096 2661 3138 sue
2724 3076 2847 3138 nisi

381 3184 760 3245 racionabile
795 3184 1074 3263 precium
1113 3187 1480 3262 apponatur,
1521 3187 1585 3243 et
1623 3181 1789 3261 quod
1829 3181 2001 3242 tallia
2034 3181 2145 3242 fiat
2178 3182 2342 3243 inter
2374 3182 2743 3244 liberantem
2776 3188 2841 3244 et

383 3292 791 3371 recipientem
852 3290 929 3351 de
989 3289 1198 3367 precio
1259 3288 1348 3349 rei
1410 3287 1667 3349 liberate
1729 3293 1794 3349 et
1856 3308 1983 3349 non
2046 3288 2123 3349 de
2184 3288 2323 3368 ipsa
2383 3308 2450 3350 re
2517 3292 2633 3367 [ut]
2699 3309 2848 3350 vera

382 3395 664 3477 proficua
730 3396 1148 3456 maneriorum
1215 3393 1460 3473 possint
1521 3393 1788 3454 lucidius
1852 3413 2167 3473 apparere.
2280 3394 2445 3454 Item
2507 3394 2675 3473 quod
2736 3393 2849 3454 fiat

382 3503 558 3563 visus
613 3506 1044 3580 compotorum
1099 3499 1575 3579 prepositorum,
1619 3500 1697 3560 de
1751 3500 2066 3579 quarterio
2122 3500 2271 3559 anni
2324 3500 2391 3559 in
2439 3500 2844 3579 quarterium,

383 3628 496 3688 per
531 3607 972 3677 Senescallum‚
1002 3606 1103 3667 vel
1135 3606 1344 3666 saltim
1377 3625 1488 3685 per
1529 3605 1648 3665 loci
1691 3605 1988 3667 ballivum
2030 3626 2174 3666 cum
2220 3606 2443 3667 clerico
2487 3605 2844 3677 Senescalli,

383 3720 450 3774 et
502 3714 770 3773 maxime
819 3717 1074 3792 propter
1125 3712 1247 3771 ista
1297 3711 1508 3791 gravia
1559 3712 1869 3790 arreragia
1919 3712 1997 3773 de
2051 3712 2310 3791 Sugwas
2361 3718 2425 3773 et
2467 3712 2543 3772 de
2587 3711 2734 3782 Ros,
2778 3711 2845 3770 in

384 3818 612 3898 quibus
652 3818 806 3879 locis
848 3818 901 3878 61
942 3817 1090 3877 facti
1133 3816 1400 3877 fuissent
1440 3816 1631 3888 visus,
1661 3821 1733 3876 ut
1769 3817 2121 3896 predictum
2160 3823 2274 3889 est,
2305 3823 2370 3878 et
2407 3818 2473 3876 in
2512 3817 2649 3877 aliis
2688 3816 2843 3877 locis

383 3925 672 3986 similiter
730 3925 1040 4004 potuisset
1101 3930 1247 3985 ante
1309 3930 1670 4003 compotum
1734 3944 1950 3985 semen
2012 3925 2135 3985 emi
2198 3930 2262 3985 et
2331 3924 2700 3995 instaurum,
2765 3924 2846 3985 ad

381 4036 672 4090 nostrum
733 4029 1130 4090 commodum
1187 4048 1315 4089 non
1373 4029 1705 4100 modicum,
1767 4036 1832 4090 et
1899 4031 2151 4109 grangie
2214 4035 2427 4091 nostre
2487 4030 2845 4109 potuissent

383 4137 624 4215 integre
665 4137 850 4197 modo
891 4135 1085 4196 fuisse
1133 4135 1240 4195 ubi
1291 4155 1418 4196 non
1471 4136 1839 4197 credebatur
1876 4136 2229 4216 prepositos
2271 4142 2419 4197 ante
2460 4142 2841 4215 compotum,

385 4242 654 4301 maxime
694 4241 771 4301 de
813 4241 942 4301 Ros
982 4246 1048 4301 et
1088 4241 1165 4302 de
1209 4241 1484 4320 SugwaS‚
1535 4242 1686 4302 talia
1727 4243 2035 4322 arreragia
2074 4242 2381 4304 debuisse.
2467 4242 2632 4304 Item
2675 4244 2845 4323 quod

385 4346 642 4407 bladum
682 4353 746 4407 et
787 4346 908 4406 alia
948 4345 1190 4406 venalia
1231 4346 1296 4405 in
1330 4347 1624 4407 maneriis
1656 4348 2008 4408 vendantur
2040 4347 2151 4407 tali
2186 4348 2438 4427 seysina
2468 4353 2533 4409 et
2562 4353 2845 4427 tempore

385 4450 787 4531 competenti,
828 4456 895 4512 et
943 4450 1010 4509 in
1060 4450 1335 4529 reprisis⁸
1375 4452 1793 4513 maneriorum
1844 4453 1970 4513 tale
2022 4453 2421 4514 moderamen
2473 4460 2843 4533 apponatur,

386 4565 453 4618 et
505 4557 674 4637 quod
725 4556 1020 4617 utensilia
1071 4563 1136 4618 et
1191 4557 1311 4617 alia
1365 4559 1558 4619 semel
1612 4565 1828 4639 empta
1881 4560 1947 4619 in
2004 4560 2298 4621 maneriis
2353 4560 2441 4620 ita
2490 4560 2663 4621 salvo
2704 4580 2843 4623 cus-

387 4665 708 4725 todiantur
745 4682 858 4742 per
897 4667 1101 4722 totum
1134 4663 1299 4742 quod
1332 4663 1410 4724 de
1443 4669 1696 4725 extenta
1727 4666 2148 4726 maneriorum
2180 4664 2363 4726 nobis
2395 4666 2847 4745 respondeatur

387 4770 466 4829 ad
515 4769 742 4839 minus,
792 4768 870 4828 de
916 4787 1040 4847 qua
1079 4774 1348 4839 extenta,
1392 4775 1464 4829 ut
1506 4770 1943 4841 intelleximus
1988 4791 2115 4831 non
2158 4771 2472 4831 modicum
2514 4771 2842 4833 amisimus

810 4922 938 4961 l-ln
965 4921 1065 4962 MS.
1091 4921 1364 4965 bur-antur.
1950 4924 2084 4964 2-1n
2112 4923 2213 4965 MS.
2240 4922 2420 4963 decem.

679 4969 996 5018 3—Reprisis,
1022 4970 1301 5013 deductione
1325 4970 1450 5013 from
1475 4973 1559 5014 the
1584 4972 1738 5015 rental
1763 4972 1841 5015 fot·
1866 4973 2107 5016 annuities
2132 4972 2227 5015 and
2253 4973 2592 5019 rent-charges.
