3619 5868
792 478 913 539 300
1454 480 1809 559 Reqistrum
1867 480 2086 543 Thome
2142 481 2215 543 de
2256 481 2606 562 ‘Cantilupo

792 703 1021 783 Davyd
1064 704 1141 764 de
1186 704 1514 783 Glyfforde,
1561 705 1643 767 ad
1684 706 2222 785 presentaoionem
2279 706 2501 767 Viearii
2546 705 2625 767 de
2667 706 3058 768 Yavesoure.

794 809 1145 871 Willelmus
1207 810 1285 871 de
1350 810 1690 891 Markleye‚
1758 810 1840 872 ad
1901 812 2440 891 presentacionem
2515 813 2786 873 Domine
2854 812 2896 875 J
2899 812 3122 873 uliano
3201 811 3288 873 de

1200 916 1455 994 Tregoz.

792 1021 1018 1081 Petrus
1061 1022 1434 1094 Tadestone,
1480 1023 1561 1083 ad
1602 1024 2142 1101 presentacionem
2187 1024 2444 1085 Roberti
2490 1024 2804 1086 Cerebett.

792 1126 1137 1188 Nienolaus
1181 1127 1258 1188 de
1302 1128 1515 1201 Glone,
1560 1128 1639 1190 ad
1685 1128 1942 1191 titulum
1985 1130 2365 1209 patrimonii.

788 1232 1117 1305 Ricardus,
1162 1233 1329 1296 filius
1370 1234 1411 1295 J
1414 1236 1591 1296 aoobi
1641 1234 1719 1295 de
1776 1236 2228 1315 Temedebury,
2287 1237 2370 1297 ad
2425 1238 2964 1316 presentaoionem
3023 1236 3280 1299 vicarii

1196 1343 1274 1401 de
1317 1341 1728 1403 Bacheforde.

790 1447 945 1508 Milo
988 1448 1065 1509 de
1108 1448 1501 1521 Badenoure,
1548 1449 1627 1509 ad
1671 1450 1926 1510 titulum
1975 1450 2356 1530 patrimonii.

954 1614 1335 1675 Βηθφα-

794 1743 1142 1804 Willelmus
1185 1744 1262 1805 de
1308 1745 1757 1817 Monekelowe,
1803 1745 1886 1806 ad
1928 1748 2184 1808 titulum
2227 1746 2609 1825 patrimonii.

786 1850 1115 1929 Philippus
1157 1850 1233 1910 de
1280 1851 1775 1931 Montegomery,
1823 1852 1901 1912 ad
1943 1852 2198 1913 titulum
2243 1854 2628 1933 patrimonii.

788 1956 1143 2016 Willelmus
1185 1957 1589 2036 Gladewyne,
1635 1958 1715 2018 ad
1758 1958 2014 2019 titulum
2060 1958 2428 2020 Saoristarie
2471 1958 2548 2018 de
2593 1958 2943 2019 Winstane.

786 2066 975 2141 Hugo
1017 2064 1094 2124 de
1138 2064 1512 2135 Stauntone,
1559 2064 1641 2125 ad
1684 2064 1939 2124 titulum
1983 2064 2364 2143 patrimonii.

782 2170 1061 2231 Thomas
1105 2170 1181 2230 de
1224 2170 1437 2241 Glone,
1482 2170 1559 2231 ad
1610 2170 1864 2231 titulum
1921 2171 2303 2249 patrimonii,
2366 2189 2478 2250 pro
2533 2189 2658 2250 quo
2711 2171 2880 2231 eavit
2939 2170 3265 2249 Magister

1194 2274 1294 2335 W
1341 2275 1418 2335 de
1462 2274 1817 2337 Lodelawe.

780 2380 815 2442 J
826 2382 1110 2442 ohannes
1152 2381 1228 2441 de
1272 2382 1485 2453 Clone,
1530 2402 1639 2461 per
1680 2382 1956 2442 litteram
2001 2382 2258 2443 Domini
2301 2382 2565 2443 Walteri
2607 2384 2684 2444 de
2729 2382 3050 2463 Hoptone.

786 2489 1023 2565 Symon
1051 2488 1128 2549 de
1160 2488 1481 2559 Westone,
1513 2488 1592 2548 ad
1620 2489 2163 2567 presentaeionem
2199 2488 2486 2567 Magistri
2516 2486 2867 2568 Hospitalis
2897 2488 3268 2568 Ledebyry.

784 2593 1139 2655 Willelmus
1180 2593 1550 2672 Tuggeiord,
1596 2593 1674 2653 ad
1719 2594 1974 2654 titulum
2021 2595 2402 2674 patrimonii.

784 2700 1064 2778 Rogerus
1106 2699 1182 2760 de
1226 2699 1623 2778 Ullingwike,
1670 2699 1752 2758 ad
1785 2700 2042 2760 titulum
2086 2701 2470 2778 patrimonii.

781 2806 1061 2884 Rogerus
1105 2806 1181 2866 de
1223 2806 1432 2865 Parva
1475 2805 1868 2877 Hereiordia,
1915 2806 1997 2866 ad
2033 2806 2290 2866 titulum
2332 2806 2716 2885 patrimonii.

782 2911 1089 2972 Ricardus
1129 2912 1209 2972 de
1252 2911 1621 2990 Bromyard,
1685 2912 1765 2972 ad
1809 2912 2083 2992 graciam
2129 2921 2202 2974 ut
2243 2913 2437 2992 prius.

778 3017 1120 3097 Gregorius
1161 3017 1238 3078 de
1282 3018 1638 3097 Langaran,
1684 3018 1763 3079 ad
1807 3019 2064 3080 titulum
2109 3026 2180 3079 ut
2222 3021 2416 3099 prius.

780 3124 1097 3185 Robertus
1140 3124 1216 3184 de
1260 3125 1697 3194 Leoministre,
1745 3123 1825 3184 ad
1869 3125 2125 3184 titulum
2171 3125 2552 3204 patrimonii.

783 3230 1103 3291 Walterus
1148 3230 1224 3290 de
1269 3229 1592 3302 Wenloke,
1638 3229 1719 3291 ad
1762 3229 2020 3289 titulum
2063 3229 2444 3309 patrimonii.

780 3336 1058 3397 Thomas
1128 3337 1205 3396 de
1263 3335 1715 3415 Wymfretone,
1778 3335 1857 3396 ad
1915 3337 2172 3396 titulum
2227 3335 2612 3415 patrimonii,
2670 3340 2734 3396 et
2800 3355 2912 3414 per
2967 3335 3260 3396 litteram

1146 3501 1155 3510 ⁴
1190 3433 1443 3493 Domini
1486 3433 1711 3512 Rogeri
1754 3433 1833 3494 de
1879 3433 2129 3493 Mortuo
2183 3433 2365 3493 Mari.

784 3539 1137 3601 Willelmus
1183 3539 1261 3600 de
1304 3540 1699 3611 Chirehame,
1744 3540 1828 3600 ad
1870 3540 2124 3600 titulum
2167 3539 2547 3619 patrimonii.

781 3646 1061 3724 Rogerus
1103 3645 1179 3705 de
1222 3645 1607 3724 Penbrugge,
1654 3645 1735 3705 ad
1778 3645 2034 3705 titulum
2077 3646 2260 3724 plene
2302 3644 2532 3723 pixidis
2577 3645 2950 3705 litterarum.

783 3751 1085 3830 Magister
1125 3751 1165 3813 J
1169 3751 1439 3811 ohannis
1481 3751 1558 3811 de
1600 3751 1981 3826 Bromfelde,
2027 3751 2108 3812 ad
2161 3751 2703 3830 presentaoionem
2747 3750 3008 3811 Abbatis
3051 3751 3252 3812 Glou-

1184 3848 1563 3912 castriensis.

779 3955 1133 4016 Willelmus
1176 3955 1253 4015 de
1297 3954 1511 4032 Caple,
1558 3954 1638 4015 ad
1682 3955 1940 4015 titulum
1983 3955 2345 4033 patrimonii
2393 3953 2512 4026 sui,
2557 3961 2627 4014 ut
2670 3956 2865 4033 prius.

782 4061 973 4140 Hugo
1015 4060 1367 4131 Gerboueh,
1414 4059 1494 4120 ad
1536 4059 2017 4143 sacristaria[m]
2063 4059 2141 4120 de
2191 4059 2548 4138 Westbury.

783 4166 1135 4227 Willelmus
1177 4165 1256 4226 de
1297 4166 1579 4237 Persore,
1626 4165 1705 4226 ad
1749 4166 2006 4225 titulum
2049 4165 2430 4244 patrimonii,
2478 4185 2621 4225 eum
2665 4165 2914 4226 litteris.

781 4271 1092 4332 Badulfus
1134 4271 1212 4331 de
1254 4271 1603 4343 Bodeham,
1650 4271 1728 4332 ad
1772 4273 2029 4332 titulum
2072 4271 2456 4351 patrimonii.

780 4378 1099 4439 Walterus
1139 4377 1218 4437 de
1264 4377 1605 4449 Selretone‚
1652 4378 1731 4438 ad
1794 4378 2050 4438 titulum
2107 4377 2488 4457 patrimonii,
2549 4376 2732 4455 cujus
2794 4381 2970 4437 carta
3011 4377 3247 4439 residet

1184 4493 1378 4554 penes
1420 4475 1785 4553 magistrum
1833 4475 1909 4536 R.
1956 4474 2033 4535 de
2079 4475 2398 4554 Heytone.

774 4583 1004 4642 Petrus
1032 4581 1110 4642 de
1132 4580 1476 4661 Broobury,
1499 4582 1577 4642 ad
1608 4583 1862 4642 titulum
1892 4582 2253 4662 patrimonii
2280 4581 2389 4662 qui
2417 4580 2649 4642 residet
2671 4599 2864 4660 penes
2893 4580 3135 4641 dietum
3160 4581 3238 4642 B.

774 4688 817 4750 J
821 4688 1101 4749 ohannes
1142 4687 1221 4748 de
1265 4687 1563 4759 Gardino,
1610 4688 1689 4748 ad
1731 4687 2274 4766 presentaeionem
2318 4686 2688 4748 Cancellarii
2731 4686 3239 4758 Herefordensis,

1183 4803 1296 4863 pro
1339 4803 1462 4864 quo
1503 4785 1667 4846 cavit
1710 4787 2010 4864 magister
2051 4785 2368 4845 Henricus
2432 4784 2512 4845 de
2555 4784 2870 4846 Lantone.

776 4890 981 4952 Adam
1025 4891 1103 4952 de
1145 4890 1501 4971 Wygmore,
1546 4891 1630 4953 ad
1672 4892 1931 4953 titulum
1974 4891 2351 4972 patrimonii.
