3619 5868
101 3410 197 3451 1³01.
224 3412 288 3450 50.

1223 493 1528 574 Episcopi
1580 494 2063 575 Hercfordemis.
2759 501 2875 562 179

409 717 653 791 fuisset,
712 723 776 779 et
839 718 1021 780 heres
1083 719 1282 798 ipsius
1341 719 1618 799 Philippi
1683 720 1849 780 infra
1904 726 2137 783 etatem
2194 723 2257 781 in
2317 729 2535 784 nostra
2591 725 2882 785 custodia

411 822 620 884 adhuc
677 829 865 896 esset,
925 845 962 884 a
1016 824 1263 904 prefato
1318 825 1638 905 Episcopo
1693 833 1757 886 et
1817 828 2333 889 coexecutoribus
2388 830 2523 889 suis
2578 829 2877 908 predictis

408 929 677 1008 exigitiS,
743 939 808 990 et
872 930 1043 1009 ipsos
1099 951 1214 1009 pro
1284 931 1520 992 eisdem
1591 932 1909 992 sexdecim
1979 933 2209 994 marcis
2280 935 2527 1006 annuis,
2600 956 2638 995 a
2705 935 2876 996 dicto

409 1033 679 1112 septimo
737 1034 838 1094 die
893 1035 933 1096 J
937 1035 1047 1095 ulii
1108 1035 1288 1096 nobie
1356 1037 1434 1097 ad
1492 1036 1657 1097 idem
1705 1037 2101 1100 scaccarium
2162 1047 2445 1100 nostrum
2508 1041 2865 1113 reddendis,

409 1138 700 1218 distringi
756 1141 964 1202 facitis
1019 1142 1229 1202 minus
1282 1142 1474 1221 juste,
1519 1143 1584 1202 in
1642 1145 1920 1222 ipsorum
1981 1145 2325 1224 dampnum
2385 1165 2509 1206 non
2556 1146 2875 1208 modicum

407 1257 474 1307 et
530 1267 889 1326 gravamen.
997 1247 1155 1310 Cum
1218 1249 1407 1328 igitur
1460 1249 1627 1310 idem
1680 1250 2034 1329 Episcopus
2077 1251 2451 1330 suggesserit
2494 1252 2661 1331 quod
2704 1272 2877 1312 error

409 1353 748 1414 intervenit
806 1353 872 1412 in
925 1353 1255 1414 scribendo
1296 1373 1526 1414 nomen
1569 1354 1833 1433 predicti
1877 1354 2141 1415 Henrici
2182 1361 2245 1416 et
2288 1375 2633 1435 cognomen
2676 1356 2875 1436 ipsius

409 1459 706 1538 Philippi,
785 1459 1075 1520 videlicet
1160 1478 1390 1520 nomen
1466 1459 1664 1539 ipsius
1744 1461 2007 1520 Henrici
2087 1480 2196 1540 pro
2276 1463 2529 1522 nomine
2610 1462 2874 1542 predicti

407 1565 680 1645 Philippi
742 1575 807 1627 et
864 1586 1209 1645 cognomen
1273 1567 1350 1626 de
1408 1566 1714 1645 Arneleye
1769 1587 1883 1645 pro
1939 1569 2309 1647 cognomine
2364 1569 2442 1628 de
2498 1569 2742 1648 Arleye,
2808 1576 2873 1631 et

409 1671 590 1733 nobis
646 1672 1092 1750 supplicaverit
1141 1681 1211 1732 ut
1265 1671 1404 1743 sibi,
1456 1683 1519 1732 et
1569 1673 2084 1734 coexecutoribus
2134 1675 2265 1734 suis
2315 1677 2685 1735 testamenti
2733 1695 2871 1754 pre-

410 1778 582 1849 dicti,
630 1777 777 1838 inde
820 1778 1163 1838 remedium
1207 1777 1339 1837 fieri
1384 1777 1711 1849 faciamuS,
1757 1798 1829 1838 ac
1872 1777 1951 1838 ad
1996 1778 2472 1857 requisicionem
2517 1799 2693 1840 suam
2738 1785 2871 1840 tam

413 1885 654 1945 rotulos
712 1884 1096 1946 cancellarie
1139 1883 1395 1944 Domini
1441 1884 1722 1955 Henrici,
1768 1883 2089 1965 quondam
2134 1885 2323 1964 Regis
2380 1884 2619 1964 Anglie,
2670 1885 2872 1966 patris

407 1991 625 2062 nostri,
672 2010 862 2071 quam
905 1996 1138 2062 nostre,
1186 1991 1454 2051 scrutari
1496 1991 1758 2050 fecimus
1801 2011 1877 2050 ex
1922 1990 2042 2051 hac
2085 2009 2319 2063 causa,
2378 1990 2681 2070 nobisque
2725 2010 2869 2051 con-

408 2106 552 2168 stet,
597 2117 708 2176 per
747 2097 1208 2176 inspeccionem
1270 2097 1618 2158 rotulorum
1671 2097 2059 2159 Cancellarie
2098 2097 2250 2157 dicti
2302 2097 2502 2176 patris
2542 2097 2744 2156 nostri
2792 2096 2871 2162 de

407 2222 572 2262 anno
627 2201 802 2281 regni
859 2201 955 2262 sui
999 2201 1517 2282 quinquagesimo
1560 2209 1760 2273 sext0,
1805 2201 1973 2280 quod
2015 2201 2181 2261 idem
2224 2207 2408 2280 pater
2448 2207 2663 2260 noster
2704 2200 2869 2279 cepit

405 2309 766 2387 homagium
837 2308 1034 2387 ipsius
1105 2308 1397 2386 Philippi,
1469 2307 1582 2366 filii
1651 2315 1715 2368 et
1781 2307 2029 2368 heredis
2092 2307 2358 2386 predicti
2438 2307 2719 2377 Henrici,
2790 2307 2870 2368 de

405 2415 698 2474 omnibus
745 2414 927 2473 terris
968 2419 1030 2474 et
1076 2412 1456 2473 tenementis
1499 2433 1620 2492 que
1663 2413 1829 2472 idem
1875 2414 2211 2480 Henricus,
2242 2421 2421 2492 pater
2458 2433 2629 2484 suus,
2664 2413 2869 2473 tenuit

405 2521 483 2581 de
548 2529 725 2600 patre
789 2527 1002 2580 nostro
1066 2518 1165 2578 die
1227 2537 1350 2597 quo
1414 2517 1588 2588 obiit,
1651 2527 1714 2578 et
1779 2519 1836 2577 ei
1902 2531 2101 2578 terras
2170 2518 2311 2578 illas
2374 2525 2437 2578 et
2502 2525 2868 2578 tenementa

407 2627 717 2698 reddidit;
779 2632 842 2686 et
895 2645 1006 2704 per
1062 2624 1522 2703 inspeccionem
1581 2624 1927 2684 rotulorum
1989 2624 2376 2686 cancellarie
2431 2631 2645 2684 nostre
2702 2623 2869 2703 quod

407 2733 574 2793 idem
625 2732 955 2810 Philippus
1013 2731 1179 2791 diem
1237 2730 1465 2790 clausit
1518 2736 1865 2790 extremum
1920 2749 2085 2790 anno
2142 2730 2317 2808 regni
2373 2729 2574 2790 nostri
2631 2729 2864 2801 tercio;

406 2845 470 2900 et
527 2839 695 2918 quod
751 2845 914 2896 terre
971 2849 1034 2895 et
1077 2841 1440 2895 tenementa
1483 2854 1600 2894 sua
1643 2854 1811 2894 anno
1854 2835 2071 2895 eodem
2117 2853 2226 2913 per
2268 2838 2535 2894 mortem
2580 2832 2866 2912 ejusdem

404 2958 593 3026 capta
651 2946 902 3005 fuerunt
950 2944 1015 3002 in
1059 2962 1318 3001 manum
1364 2947 1670 3011 nostram,
1715 2950 1780 3001 et
1824 2942 1905 3001 ab
1948 2941 2056 3000 illo
2100 2960 2267 3000 anno
2311 2940 2561 3000 racione
2607 2939 2867 2999 minoris

403 3053 595 3114 etatis
638 3050 920 3129 ejusdem
956 3047 1268 3109 Johannis
1301 3047 1367 3106 in
1413 3066 1606 3107 manu
1643 3052 1861 3106 nostra
1899 3066 2097 3125 usque
2130 3046 2209 3106 ad
2256 3046 2517 3105 tercium
2553 3045 2866 3105 decimum

404 3157 570 3217 diem
627 3154 932 3225 «Ianuarii,
1004 3172 1172 3213 anno
1229 3151 1402 3229 regni
1460 3151 1662 3212 nostri
1720 3152 2039 3224 vicesimo,
2100 3152 2480 3223 extiterunt;
2554 3158 2615 3213 et
2665 3152 2864 3211 eciam

404 3263 574 3342 quod
629 3261 912 3321 custodie
969 3258 1234 3318 manerii
1291 3276 1364 3317 ac
1423 3264 1728 3318 terrarum
1786 3264 1850 3317 et
1896 3266 2399 3317 tenementorum
2442 3256 2865 3335 predictorum

406 3370 648 3449 prefato
706 3368 964 3434 Thome,
1017 3364 1134 3423 sub
1195 3362 1555 3423 nominibus
1600 3364 1881 3441 ipsorum
1926 3363 2190 3423 Henrici
2232 3375 2296 3422 et
2339 3362 2634 3441 Philippi,
2681 3362 2867 3423 annis

405 3474 578 3553 regni
623 3472 820 3533 nostri
861 3480 1086 3550 quarto
1129 3476 1192 3529 et
1233 3468 1454 3550 quinto
1497 3487 1792 3528 concesse
1836 3470 2089 3528 fuerunt
2134 3469 2197 3527 in
2235 3470 2437 3527 forma
2471 3467 2864 3547 supradicta;

403 3601 516 3661 per
571 3579 736 3660 quod
794 3578 988 3657 liquet
1044 3575 1209 3657 quod
1254 3594 1423 3635 error
1463 3574 1799 3634 intervenit
1841 3574 1904 3633 in
1951 3576 2260 3652 scriptura
2304 3573 2578 3634 nominis
2620 3580 2683 3633 et
2726 3592 2865 3651 cog-

405 3687 678 3747 nominis
746 3682 1213 3763 predictorum;
1286 3700 1421 3751 noe,
1491 3681 1778 3740 nolentes
1843 3680 2010 3759 quod
2071 3681 2391 3759 predictus
2454 3679 2864 3758 B[icardus],

406 3790 890 3854 Herefordensis
932 3789 1304 3866 EpiscopuS,
1351 3806 1463 3847 seu
1505 3793 1946 3847 coexecutores
1992 3788 2089 3846 sui
2122 3786 2406 3865 predicti,
2450 3806 2563 3863 per
2596 3805 2865 3845 errorem

407 3896 770 3975 hujusmodi
840 3893 1117 3954 indebite
1181 3899 1536 3968 graventur,
1609 3892 1785 3951 vobis
1863 3892 2240 3952 mandamus
2309 3890 2497 3971 quod,
2570 3892 2868 3951 scrutatis

405 4004 628 4065 rotulis
698 3999 978 4081 ejusdem
1054 3998 1364 4059 Scaccarii
1436 3998 1654 4067 nostri,
1714 3998 1767 4058 si
1841 3998 2018 4058 vobis
2089 4005 2378 4058 constare
2443 3998 2641 4076 possit
2699 3997 2867 4076 quod

403 4110 681 4190 predicte
739 4108 1007 4166 ducente
1064 4104 1217 4163 libre
1276 4102 1456 4161 nobis
1511 4123 1624 4181 pro
1683 4104 1972 4163 custodia
2029 4104 2329 4182 predicta,
2376 4109 2447 4163 ut
2504 4103 2865 4182 predicitur,

405 4218 533 4276 sint
583 4214 820 4283 solute;
865 4221 1017 4269 tunc
1060 4210 1266 4287 ipsum
1317 4207 1702 4287 Episcopum
1755 4218 1819 4268 et
1866 4215 2307 4269 coexecutores
2357 4228 2504 4269 suos
2552 4208 2868 4288 predictos

405 4325 484 4384 de
525 4321 822 4402 predictis
865 4318 1180 4379 sexdecim
1229 4316 1457 4377 marcis
1507 4318 1734 4378 annuis
1777 4338 1816 4377 a
1861 4318 2129 4396 septimo
2172 4318 2271 4377 die
2312 4318 2464 4379 Julii
2508 4318 2867 4395 supradicto

407 4432 654 4511 quietos
697 4447 835 4488 esse
877 4425 1145 4485 faciatis.
1232 4424 1421 4483 Teste
1465 4424 1704 4502 meipso
1739 4404 2263 4502 apud’Odyham,
2296 4424 2383 4502 xij
2425 4423 2523 4483 die
2558 4423 2866 4495 Januarii,

407 4554 574 4595 anno
615 4532 792 4612 regni
833 4530 1033 4591 nostri
1077 4529 1392 4589 tricesimo
1433 4529 1654 4606 primo,

569 4688 657 4747 Et
717 4684 1194 4746 memorandum
1259 4681 1427 4760 quod
1494 4681 1676 4741 breve
1737 4682 2023 4761 superius
2084 4689 2499 4743 memoratum
2556 4683 2673 4743 fuit
2718 4684 2865 4745 allo·

407 4803 623 4855 catum
691 4793 756 4851 in
829 4806 1055 4867 magno
1125 4788 1330 4847 rotulo
1400 4786 1478 4847 de
1546 4788 1870 4848 Scaccario
1932 4790 2083 4849 anni
2148 4790 2446 4850 tricesimi
2508 4791 2736 4869 quarti,
2800 4790 2866 4850 in

410 4900 717 4961 comitatu
787 4894 1264 4967 Hereiordensi,
1337 4912 1506 4953 anno
1584 4894 1756 4972 regni
1829 4894 2017 4973 Regis
2106 4895 2425 4967 Edwardi,
2497 4893 2609 4954 filii
2678 4895 2867 4975 Regis
