3619 5868
1207 550 1507 630 Episcopi
1561 551 2041 630 Herefordensia
2772 552 2849 613 81

385 773 554 833 infra
595 779 826 834 etatem
871 774 1306 846 existendum,
1351 782 1606 836 centum
1661 776 1891 846 libras;
1950 777 2042 835 ita
2083 782 2152 836 ut
2194 774 2275 835 ab
2318 774 2577 836 Octabis
2623 777 2854 838 Sancte

392 877 728 939 Trinitatis
797 879 1081 957 proximo
1151 888 1412 939 venture
1481 900 1700 941 omnes
1767 888 2111 959 proventus
2180 881 2304 941 sint
2388 881 2505 951 sui,
2578 901 2852 943 unacum

386 985 684 1046 omnibus
740 985 1006 1047 escaetis
1063 995 1126 1047 et
1184 986 1426 1064 juribus
1475 1006 1596 1066 que
1639 987 1720 1047 ad
1763 987 2001 1047 dictum
2047 987 2409 1067 Philippum
2452 989 2553 1049 vel
2596 988 2855 1049 heredes

387 1109 540 1151 suos
609 1091 861 1152 racione
932 1091 1098 1152 dicte
1159 1092 1368 1153 warde
1429 1100 1691 1171 possent
1753 1093 2085 1173 pertinere.
2191 1094 2279 1154 Et
2342 1094 2419 1155 de
2483 1094 2601 1153 hoc
2663 1094 2852 1155 faciat

389 1203 639 1258 cartam
696 1217 875 1257 suam
932 1216 1046 1277 pro
1101 1217 1168 1258 se
1225 1205 1289 1258 et
1346 1198 1678 1259 heredibus
1742 1198 1872 1259 suis
1934 1218 2077 1259 cum
2142 1200 2494 1270 warancia;
2566 1206 2629 1259 et
2685 1200 2854 1278 quod

388 1304 562 1364 istud
607 1309 1013 1382 recognoscat
1057 1304 1122 1363 in
1167 1304 1356 1365 Curia
1399 1305 1656 1365 Domini
1699 1306 1906 1384 Regis.
2000 1306 2089 1365 Et
2130 1305 2290 1384 petit
2334 1306 2646 1366 Dominus
2688 1306 2855 1385 quod

389 1410 553 1471 istas
611 1410 820 1472 CCCC
879 1430 1129 1472 marcas
1182 1412 1381 1491 possit
1438 1412 1677 1472 solvere
1732 1412 1898 1473 infra
1953 1412 2109 1472 duos
2161 1432 2380 1484 ann08,
2426 1420 2491 1471 et
2532 1411 2665 1491 ipse
2707 1411 2853 1473 inde

381 1516 574 1577 faciet
615 1516 847 1578 bonam
889 1517 1363 1598 obligacionem.

387 1740 558 1801 June
601 1740 980 1800 9.—Letters
1022 1740 1093 1819 of
1123 1740 1313 1801 recall
1351 1760 1501 1801 were
1533 1740 1853 1821 presented
1896 1740 1971 1818 by
2014 1740 2207 1819 Huqh
2246 1740 2319 1802 de
2360 1742 2705 1813 Newenton,
2750 1743 2857 1803 but

637 1820 708 1881 he
751 1820 876 1881 had
920 1828 977 1881 to
1026 1828 1274 1900 present
1322 1821 1574 1901 himself
1607 1822 1798 1900 aqain
1851 1821 2005 1881 with
2051 1822 2261 1902 proofs
2304 1824 2374 1902 os
2424 1823 2521 1883 the
2574 1824 2856 1901 qenuine-

637 1922 774 1963 nese
817 1902 888 1981 of
925 1901 1021 1963 the
1062 1902 1218 1963 seale
1260 1902 1386 1963 and
1427 1902 1702 1963 evidence
1743 1903 1815 1982 of
1850 1902 2023 1963 title.1

561 2054 602 2094 v
646 2034 800 2093 Idus
841 2033 1038 2104 Junii,
1093 2033 1262 2112 apud
1313 2033 1768 2112 Kensingtone,
1822 2033 1887 2094 in
1937 2051 2189 2094 camera
2231 2033 2492 2093 Abbatis
2540 2033 2617 2094 de
2646 2035 2855 2113 Abyn-

387 2136 574 2209 done,
641 2139 993 2217 comparuit
1049 2158 1262 2198 coram
1319 2137 1595 2198 Domino
1652 2137 1969 2216 Episcopo
2024 2137 2472 2198 Herefordensi
2531 2138 2721 2217 Hugo
2775 2138 2853 2199 de

398 2248 816 2320 Newentone,
867 2248 1252 2327 capellanus,
1304 2248 1561 2309 exibens
1611 2266 1800 2307 unam
1853 2247 2129 2307 litteram
2180 2246 2604 2308 revocacionis
2654 2247 2856 2327 sigillo

389 2354 662 2414 Henrici
713 2354 788 2415 de
845 2354 1305 2433 Kingesemede
1361 2354 1720 2433 sigillatam,
1780 2360 1851 2413 ut
1910 2352 2088 2423 dixit,
2148 2360 2211 2412 et
2268 2351 2454 2413 aliam
2511 2352 2851 2431 sigillatam

385 2461 595 2539 sigillo
680 2460 1119 2521 Archidiaconi
1199 2459 1701 2530 Herefordensis,
1784 2464 1855 2519 ut
1931 2458 2102 2519 dixit.
2250 2457 2565 2533 Querebat
2636 2463 2850 2519 autem

391 2568 708 2628 Dominus
765 2567 846 2627 ab
894 2586 969 2627 eo
1018 2586 1098 2627 an
1151 2566 1560 2645 probaciones
1611 2564 1796 2642 sigilli
1847 2564 2227 2625 sufficientes
2275 2563 2556 2634 haberet,
2602 2568 2665 2623 et
2694 2563 2853 2624 dixit

393 2694 466 2736 se
509 2674 738 2735 habere
781 2675 1224 2757 tantummodo
1259 2693 1452 2734 unum
1494 2678 1745 2743 testem,
1791 2691 1999 2751 quem,
2045 2671 2193 2751 quia
2234 2690 2360 2731 non
2401 2670 2605 2750 potuit
2647 2670 2853 2731 facere

391 2783 648 2863 plenam
712 2781 922 2851 fidem,
989 2781 1302 2841 Dominus
1364 2798 1492 2840 non
1561 2778 1840 2849 admisit,
1906 2786 2003 2839 set
2066 2777 2315 2857 prefixit
2366 2778 2532 2838 dicto
2595 2777 2853 2856 Hugoni

395 2887 562 2949 diem
610 2887 1008 2948 Dominicam
1050 2886 1400 2966 proximam
1442 2890 1592 2947 ante
1621 2884 1877 2944 Festum
1911 2883 2268 2945 nativitatis
2300 2883 2514 2944 Sancti
2543 2882 2854 2945 Johannis

388 2995 703 3075 Baptiste‚
749 3013 874 3073 qua
900 2998 1262 3072 compareat
1291 3011 1502 3052 eoram
1533 3010 1606 3051 eo
1635 2991 1733 3050 vel
1763 2990 1895 3051 suis
1924 2989 2369 3050 commissariis
2399 2989 2567 3069 apud
2605 2990 2848 3051 Preste-

391 3101 575 3179 bury,
608 3099 1002 3161 exhibiturus
1031 3098 1438 3178 probaciones
1469 3102 1532 3157 et
1563 3097 1688 3156 alia
1713 3095 1858 3173 jura
1886 3115 2007 3175 que
2036 3115 2147 3174 pro
2179 3114 2245 3155 se
2276 3093 2468 3155 habet
2497 3095 2561 3155 in
2592 3093 2851 3173 negocio

381 3205 882 3286 presentacionis
932 3205 1013 3265 ad
1068 3204 1394 3265 ecclesiam
1437 3203 1515 3263 de
1565 3203 1805 3263 Actone
1854 3201 1918 3260 in
1970 3200 2392 3280 Longefelde;
2451 3201 2626 3262 salvo
2674 3200 2844 3261 dicto

385 3312 708 3391 Episcopo
752 3316 814 3371 et
857 3309 1058 3371 eidem
1107 3308 1365 3388 Hugoni
1409 3307 1545 3386 jure
1597 3306 1761 3386 quod
1808 3307 2059 3385 utrique
2108 3306 2409 3384 competit
2462 3304 2528 3364 in
2580 3304 2846 3366 ecclesia

383 3425 758 3478 memorata.
874 3415 1231 3494 Episcopus
1281 3411 1546 3474 contulit
1597 3412 1654 3473 ei
1702 3411 2031 3472 ecclesiam
2075 3430 2187 3490 per
2227 3409 2475 3490 lapsum
2520 3412 2845 3490 temporie,

375 3532 452 3584 ut
493 3523 799 3604 sequitur.

377 3744 546 3804 June
608 3738 1164 3802 21.—Institution
1226 3746 1283 3799 to
1348 3737 1445 3798 the
1504 3735 1750 3798 Chwrch
1803 3735 1876 3814 of
1934 3734 2130 3795 Acten
2184 3735 2355 3795 Scott
2409 3734 2480 3813 of
2526 3733 2720 3812 Hnyh
2772 3733 2847 3794 de

627 3823 973 3892 Newenton,
1008 3820 1225 3901 priest,
1263 3817 1582 3899 presented
1633 3817 1707 3895 by
1757 3816 1987 3876 Walter
2030 3816 2081 3876 le
2125 3815 2384 3886 Secukr,
2441 3814 2751 3893 Reqinald
2795 3815 2847 3875 le

631 3905 818 3974 Scott,
876 3902 1002 3964 and
1059 3901 1287 3962 Robert
1351 3900 1424 3960 de
1489 3899 1779 3960 Stretton.
1908 3897 2033 3958 The
2087 3896 2256 3975 riqht
2312 3897 2383 3976 of
2426 3895 2849 3975 presentation

630 3984 752 4046 had
797 3983 1006 4063 lapsed
1050 3989 1107 4043 to
1153 3981 1250 4042 the
1290 3980 1544 4061 Bishop.
1648 3978 1946 4039 Mandate
1974 3980 2084 4058 for
2130 3976 2471 4037 induction.

543 4133 806 4192 Aevom:
852 4147 918 4188 m
963 4125 1812 4195 Loxe-ammam—ThomaS,
1853 4128 1972 4184 etc.
2084 4121 2341 4200 Hugoni
2384 4121 2460 4180 de
2506 4121 2835 4194 Newtone,

381 4237 754 4318 presbitero,
789 4234 1084 4304 salutem,
1115 4245 1234 4294 etc.
1301 4231 1394 4291 Ad
1427 4229 1756 4290 ecelesiam
1787 4228 1865 4288 de
1888 4229 2128 4288 Actone
2156 4227 2221 4286 in
2240 4225 2622 4305 Longefelde
2652 4230 2735 4297 te,
2760 4226 2841 4286 ad

383 4340 929 4423 presentacionem
975 4338 1344 4398 dilectorum
1389 4335 1660 4396 filiorum
1703 4333 1988 4404 Walteri,
2035 4331 2187 4392 dicti
2227 4331 2285 4392 le
2335 4331 2608 4402 Seculer,
2654 4330 2835 4409 Regi·-

376 4449 554 4511 naldi
598 4448 656 4509 le
702 4448 870 4517 Scot,
916 4451 979 4505 et
1010 4444 1268 4505 Boberti
1299 4443 1376 4503 de
1412 4443 1755 4512 Strettone,
1800 4439 2029 4510 clerici,
2076 4456 2362 4498 verorum
2406 4440 2839 4515 patronorum²

383 4555 696 4635 ejusdem,
749 4551 1164 4620 admittimus,
1215 4561 1276 4610 et
1321 4548 1619 4610 canonice
1661 4547 2053 4606 instituimus
2092 4544 2158 4604 in
2204 4543 2445 4615 eadem,
2492 4542 2837 4604 secundum

382 4663 654 4724 formam
715 4657 1190 4720 constitucionis
1253 4657 1316 4716 in
1379 4655 1665 4735 proximo
1725 4652 2025 4732 preterito
2093 4650 2501 4730 Lugdunensi
2559 4649 2839 4711 Concilio

377 4767 796 4850 promulgate.
885 4765 962 4824 In
992 4765 1174 4843 cujus
1203 4763 1313 4834 rei,
1345 4768 1464 4823 etc.
1552 4761 1791 4821 Datum
1826 4756 1991 4838 apud
2018 4755 2392 4836 Bromyard,
2426 4755 2488 4834 xj
2513 4755 2838 4816 Kalendas

525 4903 708 4944 t—This
735 4902 827 4944 and
855 4902 937 4943 the
965 4904 1078 4942 next
1103 4903 1244 4947 entry
1270 4898 1317 4939 in
1343 4900 1426 4940 the
1455 4897 1670 4944 Resistet·
1694 4907 1870 4942 appear
1895 4898 1947 4937 to
1972 4896 2093 4935 have
2120 4892 2235 4934 been
2262 4891 2511 4934 cancelled.

521 4955 725 5000 2—'rhey
751 4964 875 4994 were
900 4962 1227 4999 co-oarceners
1254 4949 1300 4990 in
1327 4950 1410 4990 the
1437 4950 1618 4994 Manor,
1646 4945 1801 4988 which
1829 4945 1922 4986 had
1950 4943 2171 4991 belonged
2198 4947 2249 4984 to
2283 4942 2373 4983 six.
2460 4944 2631 4989 Eyton.
2670 4943 2841 4990 Shrop-

364 5007 500 5051 shira
525 5004 572 5046 xi
599 5005 688 5045 380.
