3619 5868
1166 461 1466 543 Episcopi
1518 463 2000 543 Hmsordmis2
2691 470 2811 531 297

347 686 668 767 quoddam
717 688 782 747 in
830 686 981 748 villa
1036 687 1113 747 de
1169 688 1372 747 Ponte
1428 684 1829 749 Charentone
1885 690 2098 759 situm,
2144 710 2286 751 cum
2343 691 2562 762 vineis,
2606 692 2810 764 terris,

348 798 416 853 et
474 791 615 852 aliis
677 792 1079 871 pertinenciis
1136 791 1441 870 ejusdem,
1498 812 1621 872 que
1670 794 1746 854 de
1796 794 1979 855 feodo
2035 800 2244 856 vestro
2299 814 2439 856 esse
2495 797 2812 869 dicuntur,

348 905 632 979 tempore
682 918 793 960 sue
850 898 1223 979 prelacionis
1279 904 1342 959 et
1399 918 1525 959 non
1584 899 1834 959 aliunde
1893 919 2080 979 quam
2137 900 2216 961 de
2274 901 2453 962 bonis
2511 902 2815 964 Ecclesie¹

347 1024 462 1065 sue
542 1004 863 1065 antedicte
936 1004 1213 1076 emisset,
1300 1013 1363 1065 et
1441 1004 1507 1064 in
1566 1004 1962 1083 possessione
2038 1006 2377 1067 eorundem
2461 1026 2661 1087 usque
2730 1007 2813 1069 ad

346 1109 542 1169 finem
600 1110 751 1171 vite'
807 1115 871 1170 et
924 1116 1207 1188 tempore
1269 1128 1381 1170 sue
1440 1108 1659 1170 mortis
1720 1110 2093 1182 exstitisset,
2145 1111 2302 1190 Ego,
2357 1112 2772 1191 W[illelmus]
2797 1160 2810 1184 ,

349 1216 730 1277 Procurator
772 1216 1121 1278 Reverendi
1162 1217 1392 1289 Patris,
1440 1216 1698 1277 Domini
1738 1217 2000 1289 Thome,
2036 1238 2204 1277 nunc
2247 1218 2488 1297 prefate
2531 1220 2815 1282 Ecclesie

353 1320 671 1400 Episcopi,
718 1340 793 1382 ac
850 1321 1133 1400 ejusdem
1180 1320 1408 1405 P[etri]
1464 1322 1844 1384 successoris
1901 1323 2180 1395 mediati,
2249 1343 2288 1385 a
2327 1324 2502 1385 vobis
2544 1325 2816 1388 dominis

353 1425 520 1487 feodi
575 1426 887 1487 dictarum
942 1427 1412 1505 possessionum
1473 1434 1619 1506 peto
1673 1428 1740 1486 in
1796 1428 2002 1488 forma
2052 1428 2210 1506 juris
2253 1430 2441 1509 quod,
2488 1450 2628 1490 cum
2674 1450 2813 1510 pos-

350 1530 549 1592 sessio
613 1532 764 1593 dicti
826 1531 1089 1593 manerii
1150 1552 1295 1593 cum
1364 1533 1495 1594 suis
1563 1534 1969 1612 pertinenciis
2032 1535 2114 1595 ad
2184 1536 2529 1596 Dominum
2599 1556 2814 1597 meum

350 1638 606 1698 nomine
649 1637 933 1698 Ecclesie
982 1656 1093 1698 sue
1139 1643 1471 1716 prenotate
1512 1637 1790 1717 legitime
1839 1638 2025 1700 fuerit
2066 1640 2382 1712 devoluta,
2427 1641 2690 1703 eandem
2735 1642 2815 1702 ad

346 1742 555 1822 ipsum
597 1743 964 1804 devolutam
1009 1742 1361 1815 declaretis,
1402 1751 1465 1803 et
1508 1744 1575 1803 in
1618 1744 1882 1805 eandem
1915 1766 2035 1817 me,
2076 1747 2327 1807 nomine
2362 1748 2814 1826 procuratoriO,

350 1849 429 1910 de
468 1850 638 1909 facto
681 1849 974 1911 mittatis.
1059 1850 1147 1910 Et
1178 1850 1233 1910 si
1260 1849 1369 1929 qui
1394 1850 1812 1928 impedientes
1851 1850 2083 1911 fuerint
2115 1871 2226 1912 seu
2256 1852 2522 1913 eandem
2565 1871 2815 1932 quoquo

345 1956 533 2016 modo
594 1956 1057 2035 perturbantes,
1124 1973 1233 2017 eos
1298 1956 1675 2017 auctoritate
1740 1962 1952 2017 vestra
2021 1958 2370 2019 amoveatis
2439 1964 2502 2018 et
2573 1978 2611 2018 a
2679 1978 2814 2037 per-

348 2061 711 2122 turbacione
770 2061 883 2122 tali
942 2062 1263 2142 quiescere
1342 2061 1607 2137 faciatis,
1665 2081 1809 2123 cum
1870 2082 2000 2141 egO,
2076 2064 2330 2123 nomine
2387 2064 2815 2142 procuratorio

346 2168 605 2228 Domini
666 2168 790 2227 mei
851 2167 1173 2239 antedicti,
1234 2167 1411 2227 vobis
1474 2168 1657 2244 juxta
1717 2168 1885 2228 feodi
1947 2168 2333 2247 exigenciam
2391 2169 2458 2228 in
2522 2170 2814 2229 omnibus

346 2274 724 2353 respondere
783 2280 1044 2352 paratus
1103 2275 1391 2335 existam.
1487 2273 1627 2333 Hec
1690 2280 1840 2353 peto
1902 2294 2029 2334 non
2093 2282 2309 2336 artans
2372 2295 2472 2337 me
2531 2276 2612 2335 ad
2675 2296 2814 2355 pro-

353 2380 676 2441 bacionem
736 2380 1019 2440 omnium
1075 2386 1139 2439 et
1197 2380 1584 2459 singulorum
1636 2381 2104 2459 premissorum,
2155 2382 2255 2442 vel
2310 2381 2428 2442 sub
2483 2401 2558 2441 ea
2611 2382 2814 2442 forma

347 2505 477 2566 qua
523 2492 995 2565 proponuntur;
1049 2492 1145 2546 set
1194 2491 1511 2565 quatenus
1562 2485 1679 2546 sub
1728 2504 1824 2556 ea,
1869 2486 1970 2547 vel
2020 2485 2144 2546 alia
2198 2486 2696 2565 competentiori,
2742 2505 2819 2546 ea

346 2591 691 2670 probavero
738 2611 859 2672 que
908 2591 1100 2652 michi
1143 2591 1425 2652 sufficere
1478 2592 1555 2652 de
1600 2592 1739 2670 jure
1794 2591 2088 2664 debeant,
2133 2597 2395 2653 eatenus
2456 2598 2605 2671 peto
2646 2591 2813 2672 quod

344 2699 667 2779 optineam
711 2698 774 2757 in
818 2698 1160 2777 premissis.

351 2977 504 3057 Juzy
552 2981 611 3049 1,
654 2980 918 3038 1281.—
1058 2976 1353 3038 ointment
1410 2978 1480 3040 of
1540 2977 1823 3038 Wizziam
1877 2978 1952 3039 de
2016 2978 2346 3058 Cantilupc
2401 2998 2472 3040 as
2535 2978 2810 3050 Proctor,

591 3058 863 3119 iwvested
903 3065 1011 3118 wat
1085 3058 1219 3138 full
1249 3079 1482 3138 powers
1528 3065 1585 3120 to
1626 3066 1727 3120 act
1753 3060 1865 3139 sor
1906 3059 2004 3120 the
2044 3059 2299 3139 Bishop.

506 3240 854 3312 Universis,
900 3253 1043 3310 etc.,
1081 3239 1375 3311 Thomas,
1412 3247 1555 3312 etc.,
1592 3242 1884 3312 salutem,
1920 3250 2039 3303 etc.
2126 3242 2388 3302 Noverit
2430 3240 2812 3304 universitas

340 3353 549 3406 vestra
605 3347 771 3426 quod
826 3347 1121 3407 dilectum
1182 3346 1363 3407 nobis
1416 3348 1483 3408 in
1540 3348 1815 3418 christo,
1880 3347 2268 3409 Willelmum
2309 3348 2386 3409 de
2451 3347 2806 3427 Cantilupo,

342 3453 634 3513 clericum
673 3460 980 3524 nostrum,
1005 3454 1291 3525 facimus,
1316 3453 1781 3523 constituimus,
1813 3463 1878 3514 et
1911 3454 2275 3515 ordinamus
2305 3454 2808 3526 Procuratorem,

339 3559 592 3618 nomine
650 3565 867 3618 nostro
924 3563 989 3619 et
1048 3559 1333 3620 Ecclesie
1414 3566 1626 3620 nostre
1687 3561 2022 3631 antedicte,
2099 3561 2163 3619 in
2223 3559 2515 3620 omnibus
2574 3561 2802 3631 causis,

341 3671 483 3736 etc.,
528 3666 771 3737 domos,
816 3665 1051 3737 vineas,
1096 3672 1318 3736 terras,
1362 3667 1461 3727 vel
1501 3686 1893 3746 quecumque
1950 3667 2090 3740 alia,
2135 3667 2265 3728 sive
2313 3666 2551 3726 rustica
2593 3664 2810 3744 predia

339 3772 571 3833 fuerint
616 3771 747 3832 sive
788 3771 1049 3842 urbana,
1096 3771 1174 3831 ad
1223 3791 1336 3831 nos
1378 3773 1630 3832 nomine
1681 3778 1899 3833 nostro
1939 3773 2038 3832 vel
2086 3771 2371 3832 Ecclesie
2413 3780 2626 3831 nostre
2668 3789 2803 3848 per-

336 3877 631 3948 tinencia,
675 3876 948 3955 petendi,
987 3880 1051 3936 et
1095 3877 1556 3955 possessionem
1600 3877 1942 3938 eorundem
1985 3877 2380 3948 admittendi,
2419 3882 2484 3938 et
2538 3877 2805 3937 eandem

334 3983 588 4044 nomine
637 3991 854 4043 nostro
912 3983 1188 4053 tenendi,
1234 4003 1305 4044 ac
1360 3983 1633 4044 dominis
1676 3983 1843 4045 feodi
1884 4004 1960 4044 eo
2006 3984 2218 4063 [quod]
2277 3973 2513 4045 eisdem
2556 4003 2802 4063 posses-

335 4090 617 4151 sionibus
673 4090 920 4150 racione
979 4089 1144 4150 ieodi
1204 4109 1317 4150 seu
1373 4109 1599 4150 census
1655 4091 1994 4170 quicquam
2042 4091 2353 4169 pertinere
2409 4095 2620 4170 potest
2676 4090 2802 4151 suf·

335 4194 621 4256 ficienter
689 4195 943 4255 nomine
1016 4200 1233 4255 nostro
1302 4195 1760 4274 respondendi;
1841 4196 2055 4256 omnia
2122 4215 2368 4274 quoque
2436 4194 2798 4266 immobilia,

336 4300 609 4370 mobilia,
654 4319 764 4361 seu
829 4320 895 4361 se
959 4299 1303 4372 movencia,
1372 4301 1450 4361 ad
1520 4301 1875 4361 Ecclesiam
1944 4307 2225 4361 nostram
2294 4318 2545 4380 quoquo
2613 4300 2802 4362 modo

334 4407 741 4486 pertinencia,
794 4407 847 4467 si
904 4425 1030 4486 qua
1087 4426 1199 4485 per
1255 4407 1529 4486 aliquem
1583 4406 2093 4486 predecessorem
2147 4413 2430 4467 nostrum
2488 4407 2596 4486 qui
2653 4414 2801 4467 ante

334 4532 450 4573 nos
510 4512 784 4572 mediate
827 4513 926 4573 vel
988 4512 1352 4572 immediate
1404 4513 1687 4573 Ecclesie
1736 4512 1968 4592 prefuit
2014 4512 2331 4573 antedicte
2381 4513 2589 4572 minus
2630 4511 2798 4590 juste

336 4618 569 4679 fuerint
604 4616 963 4679 abalienata
995 4617 1355 4696 repetendi;
1387 4618 1643 4698 insuper
1670 4624 1734 4680 et
1764 4619 1890 4680 alia
1917 4619 2128 4680 omnia
2155 4625 2218 4679 et
2251 4618 2496 4696 singula
2529 4617 2798 4677 faciendi

460 4756 679 4796 l—There
706 4755 747 4796 is
775 4765 835 4795 no
860 4753 1081 4795 evidence
1106 4757 1159 4796 to
1184 4753 1512 4798 substantiate
1537 4755 1637 4798 this
1670 4755 1828 4804 claim.
1863 4755 2020 4799 thch
2054 4766 2210 4797 seems
2241 4753 2558 4795 inconsistent
2585 4751 2704 4796 with
2721 4753 2806 4794 the

330 4809 484 4848 terma
510 4805 561 4847 of
587 4817 649 4846 an
674 4804 845 4846 earlier
870 4804 1013 4846 letter
1035 4801 1097 4852 (ρ.
1124 4803 1231 4850 248).

454 4854 739 4896 2—William
765 4855 823 4896 de
848 4855 1113 4902 cantuum.
1141 4867 1229 4896 son
1255 4854 1307 4897 o!
1330 4856 1455 4898 John
1481 4857 1565 4898 the
1592 4855 1787 4898 brother
1802 4854 1854 4898 o!
1877 4856 1960 4897 the
1989 4855 2180 4902 Bishop.
2208 4852 2302 4896 had
2327 4853 2435 4901 long
2461 4851 2577 4895 been
2605 4852 2652 4893 in
2678 4852 2808 4895 close
2905 4845 2916 4856 ⁰

330 4905 620 4948 attendance
645 4917 705 4946 on
732 4905 847 4952 him,
873 4905 967 4947 and
993 4913 1113 4952 gave
1139 4907 1283 4947 much
1307 4905 1529 4949 evidence
1552 4911 1606 4949 to
1631 4909 1715 4948 the
1740 4905 2057 4950 Commission
2083 4905 2131 4946 in
2169 4907 2280 4946 lam.
