3619 5868
1154 468 1453 548 Episcopi
1506 468 1987 548 Herefordensis.
2685 471 2803 532 277

347 719 504 781 June
558 719 1039 779 21.—Mandate
1096 726 1155 778 to
1212 718 1379 779 John
1431 719 1505 779 de
1558 718 1856 797 Bitterley
1902 726 1958 779 to
2007 719 2154 779 send
2197 718 2346 779 back
2387 719 2458 779 in
2497 719 2587 779 all
2630 720 2800 781 haste
2877 740 2892 801 ᾗ

583 820 692 861 one
746 800 816 879 of
866 800 963 860 the
1021 806 1135 860 two
1180 818 1540 877 messenqers
1589 800 1659 879 of
1702 799 1799 860 the
1842 799 2076 879 Bishop
2117 799 2270 859 with
2296 800 2432 878 full
2471 798 2694 860 details
2738 801 2808 878 os

585 881 681 941 the
714 900 993 960 prom-ess
1036 881 1105 960 of
1138 879 1233 941 his
1277 880 1495 959 affairs
1539 886 1605 940 at
1645 879 1878 950 R0me;
1923 888 2028 941 not
2071 888 2129 941 to
2162 900 2336 960 press
2367 881 2476 958 sor
2507 888 2802 960 payment

572 963 743 1041 from
804 961 901 1022 the
969 960 1351 1040 Archbishop
1412 962 1482 1039 os
1542 980 1820 1039 expenses
1889 961 2109 1021 caused
2180 961 2255 1038 by
2327 961 2423 1021 his
2492 961 2670 1039 delay
2743 968 2802 1022 to

468 1086 489 1119 ,
581 1042 883 1121 recoqnise
926 1041 1024 1102 the
1064 1042 1301 1120 appeal,
1346 1042 1407 1121 {f
1444 1049 1501 1102 to
1542 1042 1619 1102 do
1672 1062 1739 1103 so
1780 1042 1982 1103 would
2015 1041 2331 1133 prejudice
2374 1042 2472 1103 the
2512 1042 2798 1121 Bishop’s

581 1124 859 1183 interests
884 1144 908 1193 ,·
969 1130 1027 1183 to
1061 1142 1321 1201 procure
1357 1123 1528 1201 from
1574 1122 1777 1183 Adam
1819 1123 1894 1183 de
1939 1123 2157 1201 Feleby
2205 1122 2697 1183 reimbursement
2737 1123 2809 1203 of

580 1224 821 1281 mwneys
862 1204 979 1264 due
1023 1210 1081 1263 to
1125 1202 1375 1282 himself
1408 1223 1477 1263 or
1516 1203 1820 1282 expended
1862 1203 1936 1281 by
1988 1203 2118 1263 him
2157 1224 2226 1263 or
2275 1203 2349 1281 by
2393 1204 2688 1263 E'dmund
2729 1204 2803 1264 de

590 1284 910 1362 Wareseld.
1012 1283 1301 1363 Sui-prise
1355 1284 1411 1345 is
1467 1284 1781 1363 expressed
1836 1291 1903 1344 at
1954 1284 2051 1344 the
2097 1291 2390 1364 payment
2430 1285 2500 1363 of
2540 1305 2581 1345 a
2619 1283 2798 1345 ‘mark

585 1373 643 1426 to
712 1366 947 1426 Master
1016 1365 1294 1435 Cursius,
1363 1364 1495 1425 who
1569 1365 1677 1425 has
1744 1372 1852 1425 ‘not
1921 1365 2063 1425 been
2115 1365 2415 1443 formally
2470 1364 2802 1445 appointed

582 1446 852 1507 Proctor.
962 1446 1045 1505 In
1083 1466 1218 1507 ease
1258 1446 1328 1524 of
1364 1445 1711 1525 opposition
1735 1446 1908 1525 from
1953 1446 2050 1506 the
2090 1445 2523 1525 Archbishop’s
2565 1446 2713 1516 side,
2757 1466 2800 1507 a

573 1527 843 1606 petition
881 1526 1102 1587 should
1145 1527 1211 1587 be
1250 1526 1585 1606 presented.

503 1709 543 1769 J
564 1711 855 1786 [onmia]
923 1726 1009 1767 ns
1073 1707 1886 1769 Bursnnsm.--Salutem.
1992 1707 2072 1767 In
2140 1706 2422 1786 proximo
2478 1707 2654 1768 vobis
2724 1708 2817 1772 ad.

342 1813 595 1875 Curiam
665 1814 1035 1883 Romanam,
1108 1833 1251 1873 cum
1328 1812 1563 1873 nostris
1638 1813 1884 1884 litteris,
1955 1813 2243 1874 misimus
2314 1814 2471 1873 duos
2541 1814 2806 1874 nuncios

340 1925 591 1981 nostros
634 1919 921 1980 similiter
968 1924 1033 1980 et
1083 1938 1157 1979 ex
1206 1936 1432 1989 causa;
1490 1924 1555 1979 et
1602 1918 1749 1997 quia
1790 1918 2100 1979 nollemus
2142 1919 2308 1997 quod
2350 1918 2470 1998 ipsi
2513 1919 2698 1980 ambo
2740 1920 2807 1979 in

339 2027 557 2089 eadem
593 2025 781 2087 Curia
820 2025 1127 2086 inutiliter
1165 2029 1573 2096 morarentur,
1615 2025 1988 2087 mandamus
2027 2026 2324 2106 quatinus
2362 2046 2560 2086 unum
2600 2047 2675 2088 ex
2713 2026 2805 2088 eis

342 2133 421 2194 ad
476 2152 593 2193 nos
656 2152 800 2192 cum
856 2152 1104 2192 summa
1160 2131 1533 2192 festinancia
1586 2132 1942 2203 remittatis,
1993 2152 2122 2192 una
2178 2152 2322 2192 cum
2371 2137 2544 2193 statu
2602 2132 2804 2205 Ourie,
2893 2159 2900 2165 ·

342 2256 689 2309 causarum,
733 2242 797 2298 et
846 2237 1110 2297 aliorum
1152 2237 1551 2315 negociorum
1594 2242 1954 2299 nostrorum
1995 2237 2062 2297 in
2104 2257 2195 2309 ea,
2239 2243 2304 2298 et
2344 2237 2804 2317 impetracioni-

341 2343 477 2415 bus,
528 2343 582 2403 si
631 2363 787 2422 quas
836 2342 1198 2414 habueritiS,
1244 2347 1308 2404 et
1357 2342 1496 2403 aliis
1541 2343 1724 2403 factis
1772 2343 2017 2415 vestris,
2069 2349 2133 2403 et
2182 2344 2304 2404 hiis
2360 2364 2482 2424 que
2538 2344 2805 2424 speratis

346 2467 526 2528 agere
566 2447 631 2506 in
672 2447 995 2527 premissis
1038 2447 1300 2527 aliisque
1338 2447 1689 2508 rumoribus
1728 2448 2104 2519 referendis;
2155 2448 2463 2527 reliquum
2504 2449 2808 2510 nuncium

344 2552 687 2615 retinentes
736 2558 800 2614 et
848 2552 1045 2613 eciam
1094 2552 1507 2623 remittentes,
1551 2557 1738 2631 prout
1786 2553 1968 2614 nobis
2009 2554 2291 2614 videritis
2339 2554 2665 2633 expedire;
2715 2555 2807 2616 ita

344 2659 510 2738 quod
558 2658 613 2719 is
661 2677 848 2737 quem
897 2655 1202 2717 duxeritis
1250 2657 1515 2717 retinere
1564 2656 1631 2715 in
1686 2675 1801 2717 suo
1856 2656 2062 2717 reditu
2125 2656 2564 2718 certitudinem
2622 2658 2804 2720 nobis

341 2769 551 2844 portet
614 2783 803 2844 super
864 2762 1143 2823 articulis
1206 2782 1320 2841 per
1375 2782 1520 2823 eum
1582 2767 1646 2823 et
1708 2761 1864 2822 alios
1926 2761 2102 2822 vobis
2165 2762 2434 2842 scriptis,
2476 2782 2605 2823 una
2660 2783 2806 2823 cum

343 2868 896 2951 impetracionibus
952 2874 1016 2928 et
1075 2868 1299 2929 ceteris
1355 2866 1646 2928 omnibus
1702 2887 1824 2948 que
1880 2867 2062 2929 nobis
2101 2866 2383 2928 videritis
2427 2868 2804 2929 nuncianda.

344 2978 432 3037 Et
480 2976 644 3047 licet,
696 2979 1033 3055 antequam
1086 2994 1275 3035 causa
1329 2980 1545 3035 nostra
1600 2978 1820 3034 contra
1868 2973 2284 3035 Assavensem
2335 2974 2419 3035 sit
2473 2975 2540 3034 in
2595 2974 2802 3047 Curia,

342 3082 474 3162 peti
534 3081 737 3161 possit
800 3078 1031 3141 refusio
1094 3099 1505 3159 expensarum
1576 3079 1654 3139 ab
1726 3078 2228 3158 Archiepiscop0‚
2303 3100 2340 3139 a
2411 3099 2534 3159 quo
2597 3081 2805 3141 extitit

344 3186 745 3266 appellatum,
789 3205 864 3246 eo
918 3185 1084 3264 quod
1126 3185 1206 3244 ad
1255 3184 1509 3245 Curiam
1550 3184 1839 3245 misimus
1894 3184 1971 3243 ad
2021 3184 2486 3262 impetrandum
2527 3190 2804 3245 tantum·

343 3295 548 3366 mod0,
608 3293 746 3373 ipso
808 3292 1211 3372 postmodum
1269 3291 1587 3352 deferente
1647 3290 1885 3362 eidem;
1957 3290 2263 3351 malentes
2323 3295 2538 3350 tamen
2603 3310 2807 3350 unum

344 3399 767 3460 adversarium
809 3397 1038 3458 habere
1091 3417 1281 3476 quam
1330 3397 1506 3468 duos,
1549 3397 1924 3457 mandamus
1963 3396 2278 3476 quatinus,
2324 3396 2377 3456 si
2418 3397 2802 3475 perpendere

342 3505 600 3585 possitis
654 3505 1128 3565 Procuratorem
1186 3502 1336 3564 dicti
1393 3503 1879 3583 Archiepiscopi,
1921 3507 2211 3582 pretextu
2267 3502 2426 3563 forte
2473 3503 2806 3582 peticionis

342 3629 754 3690 expensarum
796 3609 1123 3681 dictarum,
1167 3609 1347 3671 nobis
1387 3610 1547 3671 velle
1589 3609 1902 3670 adversari
1944 3615 2008 3670 et
2055 3608 2220 3687 parti
2263 3610 2520 3670 adverse
2560 3609 2802 3670 firmius

343 3716 657 3787 adherere,
701 3715 1062 3794 hujusmodi
1110 3735 1523 3794 expensarum
1571 3715 1868 3794 peticioni
1917 3715 2276 3775 nullatenus
2317 3715 2662 3786 insistatis;
2715 3715 2804 3776 ita

343 3820 650 3899 siquidem
693 3821 860 3899 quod
907 3840 1098 3880 causa
1150 3825 1406 3899 propter
1461 3820 1692 3881 multas
1748 3821 2031 3882 raciones
2089 3821 2174 3881 sit
2230 3821 2296 3880 in
2360 3821 2548 3882 Curia
2603 3821 2802 3882 omni-

342 3927 565 3998 modo;
610 3946 800 4006 super
839 3946 963 4006 quo
1003 3946 1115 4006 per
1155 3926 1511 4005 proximum
1552 3927 2074 3989 intervenientem
2117 3946 2234 3988 nos
2275 3927 2506 3988 curetis
2543 3927 2802 3989 reddere

343 4033 662 4094 cerciores.
764 4032 1076 4104 Ceterum,
1138 4032 1284 4111 quia
1341 4033 1639 4112 magister
1701 4032 1752 4092 A
1773 4034 1965 4111 [dam]
2027 4033 2105 4093 de
2167 4032 2404 4110 Fileby,
2465 4032 2629 4093 sicut
2686 4053 2801 4112 pro

342 4145 513 4200 certo
570 4139 921 4210 didicimus,
986 4139 1053 4197 in
1116 4138 1398 4217 proximo
1461 4139 1539 4198 ad
1597 4138 1852 4199 Curiam
1909 4143 2006 4198 est
2054 4143 2374 4208 venturus,
2426 4139 2800 4200 mandamus

343 4243 636 4325 quatinus
684 4244 858 4304 illam
905 4263 1180 4304 marcam
1229 4264 1418 4323 quam
1474 4245 1773 4323 magistro
1821 4244 2060 4305 Thome
2113 4244 2173 4304 le
2221 4243 2404 4303 Priur
2448 4263 2564 4323 pro
2611 4264 2802 4306 causa

341 4351 394 4410 P
412 4350 575 4428 [etri]
622 4350 699 4410 de
742 4349 1039 4429 Langone
1081 4348 1373 4421 solvistis,
1404 4355 1468 4411 et
1509 4350 1833 4425 dimidiam
1874 4370 2150 4410 marcam
2189 4349 2487 4429 magistro
2525 4349 2801 4412 Roberto

340 4455 417 4516 de
459 4455 838 4516 Braundone
878 4475 993 4534 pro
1034 4454 1172 4534 ipsa
1213 4456 1502 4527 solutam,
1532 4462 1597 4516 et
1638 4455 1838 4516 eciam
1878 4456 2174 4536 quicquid
2202 4475 2314 4517 vos
2347 4475 2459 4516 seu
2503 4457 2800 4536 magister

341 4559 772 4644 1⁴}[dmundus]
806 4561 885 4622 de
913 4561 1283 4632 Warefelde,
1312 4562 1411 4622 vel
1438 4563 1793 4642 quicunque
1822 4562 1982 4622 alius
2009 4567 2224 4623 noster
2251 4561 2490 4622 amicus
2518 4562 2584 4621 in
2615 4561 2803 4624 Curia

341 4688 377 4728 a
417 4668 507 4747 vj⁰
547 4667 701 4728 Idus
751 4666 999 4746 Aprilis,
1044 4687 1209 4728 anno
1258 4668 1515 4728 Domini
1561 4666 2060 4729 M⁰GG⁰LXXX⁰
2097 4667 2229 4746 jam
2275 4666 2592 4746 preterit0,
2637 4667 2802 4729 circa

342 4793 595 4834 causam
654 4773 1070 4852 apposueritis
1140 4774 1539 4844 antedictam,
1604 4794 1641 4834 a
1709 4773 1878 4834 dicto
1940 4773 2240 4853 magistro
2304 4771 2494 4854 A[da]
2565 4773 2800 4852 petatis

341 4879 667 4951 instanter,
711 4899 856 4939 cum
909 4879 1075 4940 idem
1128 4877 1375 4961 [Adam]
1430 4879 1609 4941 nobis
1665 4879 1975 4959 obligatus
2031 4880 2258 4940 existat
2313 4879 2480 4959 quod
2536 4899 2574 4940 a
2628 4879 2797 4941 dicto
