3619 5868
1190 506 1488 588 Episcopi
1544 507 1618 567 H
1613 505 2028 587 erefordensis.
2762 508 2839 568 45

367 732 682 811 herbagiis
737 731 1184 792 cimiteriorum
1239 730 1318 790 de
1373 729 1883 808 Aylmondestria
1938 737 1999 791 et
2070 730 2346 791 Leintall
2416 730 2695 791 Comites
2766 737 2829 792 et

367 837 680 899 decimam
730 837 1008 915 herbagii
1057 838 1123 897 in
1171 856 1360 916 parco
1408 836 1486 897 de
1535 837 1802 915 Gatleye
1846 838 1978 897 sive
2006 837 2282 897 decimas
2310 836 2515 899 carnis
2543 836 2740 898 ferino
2768 837 2836 897 in

367 944 627 1005 eodem:
672 944 826 1004 item
854 943 1165 1004 decimam
1194 944 1487 1023 pannagii
1517 945 1720 1004 tocius
1747 943 2042 1021 parochie
2069 950 2135 1004 et
2163 943 2585 1023 gardinorum.
2666 944 2837 1005 Item

369 1051 738 1112 ordinamus
765 1050 935 1131 quod
963 1049 1168 1110 dictus
1197 1050 1464 1111 vicarius
1491 1056 1556 1110 et
1578 1069 1971 1111 successores
1993 1051 2090 1110 sui
2112 1050 2380 1111 subeant
2402 1060 2464 1109 et
2489 1056 2835 1129 agnoscant

369 1157 588 1217 omnia.
627 1175 820 1216 onera
861 1156 1178 1215 ordinaria
1221 1162 1284 1215 et
1326 1156 1823 1215 extraordinaria
1863 1156 2029 1216 dicte
2071 1156 2329 1217 ecclesie
2373 1155 2833 1227 incumbencia,

371 1267 636 1341 excepta
685 1261 1086 1340 reparacione
1138 1268 1201 1321 et
1250 1260 1700 1323 reformacione
1743 1263 2004 1323 cancelli
2055 1262 2219 1323 dicte
2262 1262 2521 1324 ecclesie
2564 1261 2642 1322 de
2692 1262 2838 1342 Ayl-

369 1368 764 1429 mondestrie.
797 1375 860 1428 et
900 1368 1271 1428 invencione
1299 1368 1599 1429 librorum
1629 1370 1693 1428 in
1723 1369 1942 1429 eadem
1966 1388 1981 1439 ;
2026 1388 2147 1448 que
2176 1368 2429 1449 quidem
2460 1388 2651 1430 onera.
2678 1368 2832 1429 dicti

369 1475 585 1537 Abbas
641 1482 707 1536 et
775 1474 1144 1536 Conventus
1195 1474 1274 1534 de
1328 1475 1646 1554 Wigmora.
1701 1482 1766 1536 et
1822 1494 2213 1536 successores
2272 1474 2390 1534 sui·
2424 1474 2837 1553 imposterum
2864 1452 2877 1460 “

371 1581 799 1643 sustinebunt.
887 1582 1129 1641 Datum
1173 1583 1340 1661 apud
1383 1582 1745 1643 Londonias
1788 1581 2031 1643 decimo
2072 1592 2297 1661 quarto
2329 1581 2429 1642 die
2459 1580 2835 1643 Novembris

371 1708 540 1749 anno
569 1688 829 1748 Domini
860 1688 1311 1749 M0GO0LLX0
1338 1688 1558 1768 quinto
1585 1688 1996 1767 pontificatus
2026 1688 2220 1747 nostri
2250 1688 2471 1766 primo,

369 2066 558 2146 April
601 2070 654 2137 6,
697 2066 1218 2127 1276.—Licence
1250 2068 1321 2147 of
1353 2066 1805 2127 ‘non-residence
1835 2066 1944 2145 for
1983 2066 2166 2143 study
2210 2065 2281 2125 in
2326 2066 2537 2127 Canon
2576 2067 2729 2127 Law
2771 2086 2843 2127 or

623 2148 917 2225 Theoloqqs
965 2155 1032 2208 at
1079 2147 1268 2207 Paris
1315 2148 1570 2225 qranted
1606 2148 1715 2226 for
1757 2153 1870 2207 two
1910 2167 2086 2225 years
2131 2154 2189 2207 to
2238 2147 2533 2207 Edmund
2588 2147 2663 2208 de
2720 2148 2836 2220 Ba,

617 2230 839 2289 Rector
877 2230 948 2308 of
989 2229 1323 2307 Westbury.

539 2409 1196 2470 Wnsmssumr.—Data
1237 2416 1335 2469 est
1376 2408 1638 2469 licencia
1680 2408 2023 2469 Edmundo
2049 2409 2128 2469 de
2156 2408 2275 2480 Ba,
2300 2408 2551 2470 Rectori
2574 2409 2836 2471 ecclesie

369 2514 448 2575 de
483 2516 843 2596 Westbury,
863 2514 1159 2577 studendi
1175 2514 1454 2575 Par-isius
1474 2516 1540 2574 in
1565 2516 1853 2576 Decretis
1874 2514 1973 2575 vel
1994 2514 2332 2593 Theologia
2352 2534 2465 2593 per
2487 2514 2829 2576 biennium.

371 2621 614 2682 Datum
643 2621 811 2700 apud
839 2621 1192 2682 Marchulle
1221 2621 1326 2699 viij
1359 2620 1512 2681 Idus
1545 2620 1790 2699 Aprilis.
1878 2621 1966 2680 Et
2000 2620 2185 2681 debet
2229 2620 2365 2681 dari
2394 2621 2737 2682 elemosnia
2769 2622 2836 2681 in

374 2728 548 2788 dicte.
575 2728 874 2808 parochia.
903 2728 982 2788 ed
1011 2728 1338 2788 arbitrium
1370 2727 1688 2807 Episcopi.

369 3082 632 3143 Licence
673 3083 742 3162 of
774 3081 1226 3142 mn-residence
1252 3082 1361 3161 for
1400 3081 1584 3159 study
1625 3089 1693 3141 at
1739 3081 1970 3161 Oxford
1999 3082 2107 3161 for
2146 3102 2254 3142 one
2294 3103 2441 3160 year
2479 3085 2734 3162 qranted
2778 3092 2837 3145 to

622 3163 719 3223 the
745 3164 967 3223 Rector
993 3163 1063 3242 of
1088 3163 1266 3223 Clun.

537 3341 1038 3402 Orsoua—Data
1092 3339 1356 3402 licencia.
1407 3341 1656 3401 Rectori
1705 3341 1967 3402 ecclesie
2017 3341 2095 3402 de
2146 3342 2341 3404 Clone
2382 3343 2678 3406 studendi
2719 3365 2832 3425 per

367 3468 614 3509 annum
657 3447 919 3509 Oxonie.
1008 3448 1250 3507 Datum
1291 3447 1458 3526 apud
1505 3446 1879 3508 Markhulle.

367 3805 560 3885 April
589 3804 983 3865 8.-—Licence
1015 3804 1084 3883 of
1117 3802 1566 3863 non-residence
1595 3803 1705 3882 for
1743 3803 1929 3881 study
1959 3805 2068 3883 for
2109 3810 2221 3864 two
2264 3825 2438 3882 years
2480 3806 2734 3883 qranted
2778 3813 2836 3866 to

624 3886 851 3946 Gonter
875 3884 950 3944 de
977 3885 1197 3954 Navae,
1226 3891 1419 3944 rector
1445 3885 1515 3963 of
1535 3884 1790 3963 Byford.

535 4063 1211 4135 Borean—Thomas,
1244 4069 1362 4123 etc.
1450 4063 1730 4124 Gontero
1771 4063 1850 4124 de
1894 4065 2124 4136 Naves,
2160 4065 2410 4126 Rectori
2452 4067 2711 4129 ecclesie
2752 4068 2831 4130 de

365 4173 617 4234 Buford
645 4173 938 4243 salutem,
969 4176 1084 4234 etc.
1173 4170 1264 4232 Ut
1293 4189 1403 4249 per
1432 4170 1752 4230 biennium
1782 4170 2128 4230 scolasticis
2150 4171 2444 4232 insistere
2466 4172 2831 4252 disciplinis,

367 4299 452 4340 ac
480 4280 686 4340 medio
713 4286 992 4356 tempore
1018 4276 1279 4348 fructus,
1310 4275 1611 4347 redditus,
1642 4280 1704 4336 et
1731 4283 2075 4354 proventus
2104 4275 2272 4336 dicte
2314 4278 2574 4340 ecclesie
2604 4286 2712 4338 tue
2755 4279 2835 4341 de

363 4384 658 4464 Buyford
701 4404 843 4444 cum
888 4381 1250 4460 integritate
1283 4381 1599 4459 percipere
1628 4381 1863 4452 valeas,
1891 4389 2106 4441 tenore
2135 4385 2533 4461 presencium
2566 4384 2829 4446 liberam

365 4491 492 4552 tibi
519 4489 918 4550 concedimus
944 4486 1346 4558 facultatem;
1391 4485 1642 4565 proviso
1669 4485 1837 4566 quod
1865 4486 2117 4546 interim
2147 4487 2311 4548 dicte
2347 4490 2609 4550 ecclesie
2637 4490 2836 4552 facias

365 4617 490 4677 per
516 4595 829 4677 ydoneum
871 4592 1173 4652 vicarium
1215 4591 1532 4662 deserviri,
1563 4599 1627 4651 et
1669 4593 2025 4653 animarum
2067 4613 2219 4653 curs.
2260 4594 2327 4654 in
2368 4614 2444 4655 es.
2473 4597 2835 4658 nullatenus

365 4701 742 4782 negligatur.
856 4698 934 4759 In
983 4699 1186 4777 cujus,
1241 4705 1362 4759 etc.
1475 4697 1712 4758 Datum
1768 4698 1934 4776 apud
1994 4699 2321 4780 Bosebury
2375 4700 2476 4761 die
2535 4702 2830 4763 Mercurii

361 4809 656 4890 proximo
695 4810 840 4885 post
882 4802 1130 4864 Pascha
1172 4822 1339 4864 anno
1389 4802 1645 4864 Domini
1691 4803 2152 4866 M⁰OC⁰LXX⁰
2197 4814 2375 4868 sexto
2420 4807 2835 4871 Pontificatus

365 4914 577 4976 nostri
605 4931 773 4974 anno
802 4909 1022 4990 primo,
