3619 5868
832 424 953 485 312
1492 422 1850 503 Reqiatrum
1906 422 2126 485 Thome
2179 422 2252 485 de
2311 421 2642 502 Cantilupo

994 674 1499 735 Passum-mu.—

834 802 1147 863 Dominus
1189 802 1487 863 Decanus
1528 802 1967 863 Eboracensis.

834 909 1191 970 Willelmus
1246 907 1324 969 de
1381 908 1751 988 Chirebury,
1802 908 1884 969 ad
1939 907 2195 969 titulum
2251 908 2614 987 patrimonii
2671 908 2768 969 sni
2824 929 2950 969 xxx
3007 928 3306 971 acrarum

1240 1021 1424 1085 terre,
1460 1032 1645 1093 quem
1689 1013 1973 1074 exhibuit
2007 1020 2070 1074 et
2105 1014 2461 1091 resumpsit.
2551 1012 2765 1074 Habet
2798 1015 3000 1075 eciam
3033 1017 3307 1076 terciam

1236 1126 1479 1200 partem
1524 1121 1711 1181 unius
1754 1119 2117 1180 molendini.

828 1226 871 1287 J
874 1226 1158 1288 ohannes
1200 1226 1277 1288 de
1319 1225 1840 1297 Berkhamstede,
1887 1225 1967 1286 ad
2012 1224 2548 1304 presentacionem
2594 1226 2881 1305 Magistri
2923 1227 3194 1289 fratrum
3239 1234 3306 1289 ct

1240 1352 1521 1394 sororum
1567 1332 1793 1392 domus
1843 1332 2057 1392 Sancti
2101 1332 2141 1392 J
2147 1332 2324 1392 acobi
2367 1332 2550 1411 juxta
2595 1332 3263 1395 Westmonasterium.

836 1440 1152 1501 Bobertus
1219 1439 1297 1499 de
1368 1440 1597 1509 Etone,
1670 1439 1747 1499 ad
1817 1437 2357 1517 presentacionem
2429 1438 2701 1499 Domine
2769 1438 2847 1501 de
2917 1439 3162 1512 eadem,
3241 1446 3308 1502 ct

1244 1544 1498 1604 titulum
1556 1542 1918 1623 patrimonii
1975 1542 2360 1607 sufficientia

838 1650 1212 1730 Badulphus
1254 1650 1333 1710 de
1376 1649 1781 1721 Boneshulle,
1827 1648 1910 1710 ad
1953 1648 2208 1710 titulum
2249 1649 2608 1729 patrimonii
2653 1649 3037 1711 sufficientis.

830 1756 1161 1817 Johannes
1201 1756 1280 1817 de
1325 1755 1737 1816 Newenham.

830 1862 1040 1924 David
1080 1862 1159 1922 de
1204 1862 1574 1941 Aspertone‚
1620 1860 1701 1921 ad
1744 1860 2000 1921 titulum
2045 1860 2406 1940 patrimonii
2449 1860 2830 1923 sufficientis.

830 1967 1031 2029 Adam
1095 1967 1172 2028 de
1235 1967 1713 2048 Bromesberue,
1780 1966 1861 2027 ad
1923 1966 2178 2026 titulum
2241 1965 2604 2045 patrimonii
2667 1966 3016 2027 exhibitum
3077 1980 3146 2027 et
3211 1987 3308 2029 re·

1238 2082 1583 2151 sumptum.

828 2177 871 2238 J
873 2176 1157 2239 ohannes
1234 2178 1312 2237 de
1395 2176 1747 2255 Bosebury,
1820 2175 1902 2236 ad
1983 2176 2522 2256 presentacionem
2594 2176 2826 2238 Vicarii
2907 2176 2986 2237 de
3069 2178 3307 2239 Frome

1239 2282 1719 2343 Canonicorum.

832 2388 1143 2450 Ricardus
1186 2388 1262 2449 de
1308 2388 1542 2450 Sancto
1582 2388 1793 2459 Petro,
1841 2388 1922 2448 ad
1964 2388 2504 2467 presentacionem
2548 2390 2780 2451 Prioris
2823 2404 2887 2452 et
2930 2390 3306 2453 Conventus

1239 2493 1606 2563 Malvernie,
1650 2500 1715 2554 et
1756 2493 2012 2555 titulum
2054 2492 2314 2555 ecclesie
2355 2492 2433 2555 de
2476 2493 2882 2557 Northwode.

832 2600 1161 2663 Johannes
1202 2600 1280 2660 de
1326 2600 1648 2670 Prestone‚
1693 2599 1772 2660 ad
1820 2598 2076 2659 titulum
2120 2598 2486 2678 patrimonii
2527 2599 2910 2661 sufficientis.

828 2706 1159 2769 Johannes
1199 2705 1277 2767 de
1321 2704 1727 2777 Reccheiord,
1772 2704 1856 2766 ad
1898 2704 2157 2765 titulum
2201 2705 2554 2767 exhibitum
2597 2714 2662 2767 et
2707 2714 3122 2787 resumptum.

830 2811 1053 2873 Frater
1095 2810 1298 2872 Adam
1340 2810 1419 2872 de
1464 2810 1896 2890 Wychecotte.

832 2918 1186 2980 Willelmus
1227 2916 1305 2979 de
1352 2916 1670 2996 Stanleye.

828 3025 1055 3087 Etater
1096 3025 1451 3086 Willelmus
1493 3023 1571 3085 de
1617 3024 2004 3104 Chyrebury.

996 3205 1403 3268 Ducom.-¹

833 3336 1065 3399 Rector
1134 3335 1393 3398 ecclesie
1466 3335 1684 3397 Sancti
1748 3336 2074 3397 Pancracii
2131 3355 2243 3416 per
2300 3336 2545 3399 litteras
2603 3337 2992 3400 dimissorias
3055 3340 3306 3402 Decani

1237 3440 1648 3503 cicestrensis
1692 3440 1997 3503 Ecclesie.

830 3547 1064 3609 Rector
1106 3546 1367 3608 ecclesie
1409 3545 1487 3606 de
1529 3546 1936 3606 Petrestowe.

831 3654 1061 3715 Rector
1104 3652 1366 3714 ecclesie
1408 3651 1486 3712 de
1529 3650 1939 3730 Wytebnrne.

829 3759 1065 3821 Rector
1104 3759 1365 3820 ecclesie
1408 3757 1486 3818 de
1529 3757 1587 3819 le
1630 3758 1783 3820 Oke.

997 3941 1555 4003 &summorum—

832 4073 1065 4134 Bector
1104 4072 1363 4133 ecclesie
1406 4070 1483 4131 de
1529 4070 1715 4150 Hope
1756 4069 2044 4131 Boulers.

994 4254 1503 4314 Palicanum.—

830 4384 1120 4448 Vicarius
1162 4383 1241 4445 de
1285 4381 1692 4460 Wydintone.

830 4491 1121 4555 Vicarius
1162 4489 1241 4551 de
1285 4489 1597 4551 Mortone.

820 4627 1179 4722 &cml—The„
1204 4637 1371 4668 names
1397 4637 1479 4668 arc
1505 4623 1655 4668 added
1680 4635 1742 4668 on
1768 4625 1852 4667 the
1879 4623 1999 4667 back
2022 4621 2074 4667 off
2097 4625 2182 4666 the
2211 4621 2336 4670 lolio.
2365 4621 2451 4666 but
2476 4623 2595 4668 with
2622 4635 2684 4666 an
2711 4623 2958 4667 indistinct
2985 4625 3143 4668 notice
3168 4637 3231 4669 as
3257 4631 3312 4670 to
