3619 5868
411 4003 508 4044 Fol.
535 4001 631 4042 zsb.

710 484 810 572 78,
1179 535 1183 539 .
1357 483 1714 562 Reqistrum
1771 484 1991 547 Thome
2044 486 2119 546 de
2191 486 2523 567 Cantilupo

717 708 1122 769 succiderunt
1183 715 1248 771 et
1304 714 1806 789 asportaverunt,
1870 711 1937 771 in
1994 716 2283 773 nostrum
2342 718 2772 793 contemptum
2830 722 2893 775 et
2952 720 3169 778 contra

715 834 936 895 pacem
979 822 1282 889 nostram,
1325 821 1397 877 ut
1439 816 1686 877 dicitur.
1772 817 1862 878 Et
1904 818 2073 879 unde
2114 823 2187 880 tu
2226 818 2363 899 ipse
2390 819 2709 881 mandasti
2750 820 2950 894 nobis,
2994 839 3035 882 a
3071 821 3169 883 die

717 920 964 982 Pasche
1045 923 1111 981 in
1189 927 1318 984 tres
1393 923 1800 1003 septimanas,
1878 925 2044 1003 quod
2118 924 2383 1004 predicti
2454 926 2755 1006 Rogems,
2824 926 2867 987 J
2870 926 3165 999 ohannes,

715 1026 1055 1101 Walterus,
1087 1028 1388 1117 Rogerus',
1419 1028 1767 1101 Johannes,
1797 1029 2145 1102 Johannes,
2174 1030 2215 1091 J
2218 1030 2521 1102 ohannes,
2559 1030 2786 1103 David,
2822 1031 3165 1111 Philippus,

719 1132 1096 1205 Willelmus,
1181 1133 1532 1213 Philippus,
1603 1134 1945 1207 walterus,
2018 1134 2345 1207 Ricardus,
2417 1135 2756 1208 walterae,
2828 1136 3171 1211 Johannes,

719 1239 1095 1312 willelmus,
1167 1248 1231 1302 et
1303 1240 1664 1321 Stephanus
1733 1260 1861 1302 non
1932 1246 2080 1303 sunt
2150 1241 2217 1301 in
2282 1241 2517 1303 balliva
2584 1248 2695 1303 tua
2755 1262 2873 1304 nec
2942 1242 3173 1323 aliquid

717 1345 954 1407 habent
1017 1365 1129 1426 per
1188 1346 1356 1426 quod
1415 1346 1661 1425 possint
1725 1346 2079 1408 attachiari.
2196 1347 2284 1408 Et
2346 1348 2585 1409 habeas
2643 1348 2729 1410 ibi
2790 1348 2913 1409 hoc
2967 1348 3169 1411 breve.

711 1452 898 1513 Teste
941 1450 1268 1535 R[adulfo]
1319 1452 1398 1513 de
1442 1451 1801 1531 Hengham.

727 1750 888 1810 Writ
933 1758 990 1810 ιο
1022 1750 1118 1811 the
1163 1749 1401 1829 Shertff
1420 1752 1489 1830 of
1529 1749 2023 1811 Worcestershire
2054 1758 2111 1811 ιο
2140 1751 2351 1811 attach
2390 1772 2547 1811 some
2574 1752 2645 1831 of
2678 1751 2776 1811 the
2817 1759 3175 1831 trespassers

957 1831 1030 1922 {n
1074 1831 1176 1973 tGhe
1224 1830 1409 1971 parles
1459 1832 1586 1890 and
1636 1831 1784 1892 bind
1836 1832 1995 1891 them
2044 1832 2118 1910 by
2170 1832 2300 1892 bail
2352 1833 2478 1892 and
2524 1832 2777 1893 sureties
2835 1841 2894 1893 ιο
2948 1854 3178 1912 appear

955 1932 1027 1972 m
1123 1932 1236 1972 our
1266 1960 1279 1971 .

887 2069 1113 2131 Conna
1133 2069 1351 2129 Rncn:
1385 2068 2234 2141 Wrwnmm-Edwardus,
2259 2074 2401 2141 etc„
2426 2068 2794 2132 vicecomiti
2820 2070 3175 2148 Wygornie,

719 2176 1011 2237 salutem.
1128 2175 1529 2255 Precepimus
1593 2174 1707 2236 tibi
1770 2176 2068 2254 quatinus
2122 2193 2321 2254 ponas
2374 2195 2485 2254 per
2540 2175 2794 2237 vadium
2851 2182 2916 2235 et
2972 2176 3179 2236 salvos

719 2284 956 2363 plegios
1000 2282 1347 2342 Henricum
1390 2280 1607 2353 Baret,
1641 2281 1991 2341 Walterum
2024 2280 2221 2340 filium
2264 2279 2576 2341 Johannis
2604 2280 2681 2341 de
2710 2280 3173 2358 Masingetone,

721 2389 1082 2451 Johannem
1124 2388 1202 2449 de
1245 2388 1307 2449 la
1347 2386 1510 2449 felde
1551 2388 1630 2447 de
1671 2387 1986 2465 Revipele,
2032 2391 2095 2447 et
2141 2386 2355 2465 Seysel
2397 2386 2475 2446 de
2517 2386 2579 2447 la
2618 2386 2801 2457 felde,
2841 2386 3009 2465 quod
3050 2386 3179 2446 siut

721 2514 934 2555 coram
991 2493 1191 2565 nobis,
1244 2514 1284 2555 a
1337 2495 1437 2555 die
1489 2494 1718 2555 Sancte
1767 2492 2093 2555 Trinitatis
2148 2492 2215 2551 in
2271 2512 2349 2554 xv
2404 2492 2557 2564 dies,
2616 2492 2971 2571 ubicunque
3024 2500 3179 2553 tunc

719 2601 1022 2661 fuerimus
1081 2600 1148 2659 in
1207 2600 1450 2679 Anglia,
1511 2600 1590 2660 ad
1653 2598 2159 2678 respondendum
2221 2599 2401 2660 nobis
2459 2598 2535 2659 de
2592 2599 2846 2678 placito,
2903 2610 3045 2669 etc..
3100 2604 3179 2660 ut

723 2725 934 2785 supra.
1039 2706 1127 2766 Et
1185 2706 1352 2765 unde
1405 2705 1769 2766 Vicecomes
1825 2708 2040 2765 noster
2088 2702 2459 2763 Herefordie
2506 2703 2687 2764 nobis
2733 2703 3081 2775 mandavit,
3138 2724 3185 2765 a

716 2811 816 2871 die
880 2810 1125 2872 Pasche
1185 2811 1252 2871 in
1311 2817 1436 2872 tres
1493 2811 1903 2890 septimanae,
1962 2808 2131 2889 quod
2171 2809 2322 2870 dieti
2380 2810 2697 2871 Henricus
2758 2815 2823 2870 et
2885 2810 2993 2871 alii
3048 2831 3180 2873 non

721 2924 870 2980 sunt
921 2917 1158 2978 inventi
1213 2918 1279 2977 in
1334 2916 1566 2978 balliva
1621 2934 1737 2978 sua
1793 2936 1907 2976 nec
1964 2914 2197 2996 aliquid
2253 2916 2488 2978 habent
2544 2936 2654 2995 per
2704 2916 2872 2998 quod
2927 2918 3180 2997 possint

723 3025 1080 3087 attachiari.
1165 3025 1254 3086 Et
1290 3029 1594 3085 testatum
1629 3024 1748 3085 fuit
1782 3023 1847 3083 in
1890 3023 2109 3085 eadem
2144 3025 2319 3084 curia
2359 3024 2524 3103 quod
2565 3024 2828 3103 predicti
2859 3024 3181 3086 Henricus

720 3137 785 3193 et
829 3133 934 3193 alii
978 3132 1337 3193 habuerunt
1379 3141 1584 3192 terras
1626 3139 1689 3192 et
1732 3140 2098 3191 tenementa
2140 3131 2221 3191 ad
2270 3131 2649 3192 sufficienter
2690 3131 2754 3191 in
2798 3131 3025 3192 balliva
3064 3137 3187 3193 tua

715 3238 822 3300 ubi
884 3242 1149 3318 possunt
1207 3236 1564 3300 attachiari.
1667 3237 1754 3297 Et
1813 3235 2047 3297 habeas
2105 3236 2191 3296 ibi
2252 3238 2509 3298 nomina
2563 3237 2909 3317 plegiorum
2950 3243 3013 3298 et
3054 3237 3183 3298 hoc

711 3346 916 3406 breve.
1033 3344 1241 3417 Teste,
1287 3351 1358 3404 ut
1401 3362 1609 3421 supra.

717 3645 871 3723 Mny
928 3649 1026 3714 15,
1083 3642 1812 3704 1276.—-Memorandum
1868 3641 2001 3701 that
2056 3640 2445 3719 proceedinqs
2501 3639 2749 3719 aqainst
2804 3640 3044 3718 Hervey
3099 3641 3177 3702 de

961 3725 1250 3795 Borham,
1300 3723 1396 3784 the
1436 3725 1775 3794 Precentor,
1807 3722 1916 3801 for
1945 3722 2252 3800 pluralz‘ty
2295 3722 2365 3801 of
2404 3720 2838 3782 ecclesiastical
2871 3721 3175 3799 benefic-23,

956 3804 1458 3948 ggmcgssgpzaetmed
1519 3804 1688 3864 until
1746 3803 1983 3864 certain
2042 3802 2367 3881 privileqes
2438 3802 2747 3862 exhibited
2816 3801 2966 3863 have
3033 3803 3180 3863 been

877 4043 1203 4103 Hnnvnus
1285 4059 1373 4102 ns
1456 4040 2333 4102 BonnAM.—Memorandum
2414 4039 2584 4120 quod
2664 4059 2833 4100 anno
2916 4041 3175 4102 Domini

721 4147 1182 4211 M0000LXX0
1237 4154 1434 4218 sexte,
1499 4145 1600 4208 die
1661 4146 1843 4207 Lune
1899 4146 2181 4224 proximo
2236 4152 2381 4224 post
2438 4145 2700 4205 Festum
2773 4145 3175 4206 Ascensionis

717 4256 994 4328 Domini,
1059 4261 1464 4333 comparente
1518 4272 1750 4324 coram,
1818 4251 1999 4312 nobis
2062 4250 2324 4322 Thoma,
2398 4249 2517 4310 Dei
2584 4249 2797 4328 gracia
2856 4251 3177 4331 Episcopo

719 4360 1190 4431 Herefordensi,
1259 4359 1326 4420 in
1395 4359 1660 4419 ecclesia
1727 4358 1807 4418 de
1878 4357 2293 4436 Kensington‚
2360 4355 2824 4416 Londoniensis
2884 4356 3172 4430 diocesis,

719 4469 1018 4548 magistro
1067 4465 1343 4526 Roberto
1391 4464 1468 4524 de
1518 4464 1666 4535 Ros,
1711 4463 2125 4524 Procuratore
2172 4462 2410 4523 domini
2460 4461 2696 4522 Hervei
2742 4460 2822 4522 de
2868 4462 3171 4536 Borham,

719 4572 1116 4635 Precentoris
1165 4569 1665 4641 Hereiordensis,
1717 4589 1861 4630 cum
1904 4567 2161 4647 speciali
2200 4573 2515 4646 potestate
2558 4575 2621 4628 et
2664 4567 2969 4629 mandato
3006 4568 3173 4646 ejus-

721 4682 866 4742 dem
924 4677 1320 4740 Precentoris
1376 4675 1454 4737 ad
1511 4675 2035 4736 consenciendum
2094 4683 2309 4734 nostro
2364 4673 2652 4745 decreto;
2716 4673 3175 4752 interponendo

719 4789 913 4849 etiam
985 4792 1166 4846 extra
1236 4782 1613 4843 territorium
1685 4789 1899 4842 nostre
1968 4779 2425 4860 jurisdiccionis
2484 4799 2671 4858 super
2730 4779 3175 4859 prorogacione

721 4893 962 4973 negocii
1025 4891 1092 4950 in
1154 4909 1298 4970 qun,
1357 4888 1730 4950 auctoritate
1786 4894 2022 4958 nostra,
2088 4907 2163 4947 ex
2219 4886 2424 4946 officio
2477 4891 2699 4946 contra
2749 4892 3171 4947 memoratum
