3619 5868
471 1707 568 1747 1³01.

595 1708 660 1746 2⁴.

776 555 854 615 74
1200 618 1204 623 ⁴
1425 553 1782 631 Reqistrum
1840 554 2061 615 Thome
2114 554 2189 614 de
2259 553 2591 633 Gantilupo

771 776 852 839 de
881 778 1293 839 Ghaworthes
1332 778 1606 840 Domino
1643 779 1903 851 Thome,
1944 778 2259 858 Episcopo
2290 778 2757 851 Hereiordensi,
2788 779 3005 839 decem
3040 778 3249 839 libras

768 902 883 963 pro
927 884 1255 963 maritagio
1305 884 1576 945 filiarum
1627 892 1690 945 et
1741 884 2042 945 heredum
2098 884 2419 965 quondam
2476 884 2729 945 Ranulfi
2793 884 2852 944 le
2908 884 3108 955 Poer;
3178 888 3253 944 et

773 989 994 1051 habuit
1036 990 1182 1051 inde
1225 991 1469 1052 litteras
1520 990 1778 1052 Domini
1820 990 1899 1052 de
1944 990 2325 1071 aquitannia..

772 1272 924 1350 May
973 1271 1498 1342 7,1276.—Writ
1541 1278 1598 1331 to
1639 1271 1736 1331 the
1779 1270 2019 1350 Sheriff
2038 1272 2109 1349 of
2144 1270 2512 1351 Shropshire
2552 1270 2863 1362 repeatinq
2904 1270 3249 1333 directio-ns

1003 1352 1112 1431 for
1153 1352 1250 1412 the
1289 1360 1490 1431 report
1531 1352 1602 1431 of
1651 1353 1748 1412 the
1805 1352 1967 1430 Jury
2022 1372 2101 1412 on
2156 1351 2253 1412 the
2300 1352 2594 1431 poachers
2650 1350 2721 1412 in
2777 1352 2874 1412 the
2926 1352 3251 1431 episcopal

1013 1432 1212 1493 woods
1251 1440 1319 1493 at
1361 1433 1688 1493 Eastwood
1729 1432 1911 1493 while
1961 1432 2058 1493 the
2106 1433 2214 1493 See
2254 1452 2379 1493 was
2422 1432 2583 1503 void,
2628 1432 2753 1492 and
2796 1432 3051 1511 biddinq
3102 1432 3251 1493 him

1015 1534 1243 1594 appear
1285 1514 1356 1573 in
1403 1514 1590 1575 Gourt
1634 1522 1691 1575 to
1732 1534 1969 1575 answer
1996 1514 2105 1593 for
2147 1513 2242 1574 his
2286 1513 2529 1591 περῶσι.

943 1689 1252 1750 Sanora:
1319 1706 1406 1749 ns
1469 1689 1835 1749 Lnnnsusr
1898 1686 2612 1759 Nonwn.—Edwardus,
2666 1692 2809 1759 etc„
2868 1686 3257 1749 vicecomiti

781 1794 1047 1874 Salopie,
1079 1794 1371 1856 salutem.
1459 1794 1618 1855 Cum
1661 1794 1776 1854 tibi
1818 1813 2019 1873 nuper
2059 1812 2169 1872 per
2210 1798 2461 1854 nostras
2504 1793 2747 1853 litteras
2780 1792 3255 1871 preceperimus

777 1902 945 1981 quod
984 1921 1095 1981 per
1137 1907 1599 1963 sacramentum
1634 1901 1970 1981 proborum
2008 1906 2071 1963 et
2104 1900 2398 1979 legalium
2436 1899 2763 1960 hominum
2803 1899 2880 1960 de
2918 1898 3257 1960 Comitatu

777 2014 907 2080 tuo,
972 2028 1084 2087 per
1150 2028 1308 2089 quos
1377 2009 1466 2070 rei
1537 2009 1768 2070 veritas
1841 2008 1984 2069 sciri
2048 2009 2299 2087 poterit,
2368 2006 2696 2085 diligenter
2755 2006 3097 2085 inquireres
3172 2006 3259 2067 de

775 2114 1150 2195 quibusdam
1187 2114 1806 2193 transgressionibus,
1850 2121 2130 2194 tempore
2169 2114 2390 2175 ultime
2426 2112 2780 2175 vacacionis
2824 2112 3258 2192 Episcopatus

778 2220 1280 2295 Herefordensis,
1336 2221 1402 2280 in
1461 2221 1648 2281 bosco
1702 2221 1781 2281 de
1838 2220 2157 2291 Estwode,
2216 2232 2281 2281 et
2334 2220 2473 2281 aliis
2521 2219 2728 2281 boscis
2784 2219 3255 2300 pertinentibus

777 2326 856 2386 ad
919 2332 1198 2387 castrum
1261 2327 1544 2405 ejusdem
1607 2327 2032 2407 Episcopatus
2094 2326 2172 2388 de
2242 2326 2573 2403 Laedebury
2636 2327 2845 2388 North
2906 2326 3110 2399 factis,
3182 2334 3257 2387 et

778 2430 945 2511 quod
1002 2431 1480 2511 inquisicionem
1540 2432 1686 2493 inde
1744 2432 1979 2493 factam
2036 2432 2216 2493 nobis
2272 2433 2554 2493 mitteres
2604 2431 2721 2493 sub
2774 2433 2979 2512 sigillo
3028 2440 3161 2504 tue,
3212 2452 3257 2493 a

776 2537 878 2597 die
947 2537 1191 2598 Pasche
1272 2538 1338 2598 in
1408 2558 1604 2598 unum
1689 2558 1971 2600 mensem
2052 2538 2187 2617 jam
2254 2539 2645 2619 preteritum,
2719 2521 2789 2600 tu
2866 2539 3250 2601 mandatum

773 2653 1062 2706 nostrum
1116 2644 1468 2724 predictum
1526 2645 1833 2707 hactenus
1888 2646 2094 2708 iacere
2150 2666 2276 2707 non
2332 2648 2589 2718 curasti,
2634 2645 2711 2707 de
2767 2665 2892 2726 quo
2934 2647 3247 2707 miramur

771 2750 1010 2829 pariter
1069 2754 1133 2811 et
1196 2768 1538 2811 movemur.
1661 2750 1749 2811 Et
1819 2749 1961 2812 ideo
2022 2751 2137 2811 tibi
2198 2751 2598 2831 precipimus,
2662 2753 2825 2812 sicut
2890 2752 3047 2813 alias
3104 2772 3251 2831 pre-

770 2856 1072 2936 cepimus,
1136 2856 1304 2936 quod
1366 2856 1604 2917 dictam
1674 2857 2171 2939 inquisicionem,
2239 2857 2587 2919 secundum
2655 2864 2938 2918 tenorem
3008 2859 3242 2938 prioris

771 2961 1052 3023 mandati
1109 2963 1308 3023 nostri
1363 2963 1478 3024 tibi
1533 2963 1678 3024 inde
1733 2963 1974 3036 directi,
2020 2964 2154 3024 sine
2202 2965 2509 3026 dilacione
2551 2964 2767 3037 faciaS,
2814 2971 2878 3026 et
2920 2984 3062 3026 eam
3106 2965 3237 3026 dis·

770 3069 966 3129 tincte
1024 3076 1088 3128 et
1147 3075 1362 3148 aperte
1421 3069 1538 3130 sub
1594 3069 1796 3148 sigillo
1854 3079 1965 3131 tuo
2019 3077 2082 3130 et
2139 3069 2359 3149 sigillis
2415 3088 2633 3131 eorum
2688 3090 2800 3150 per
2852 3090 3013 3151 quos
3056 3071 3234 3132 iacta

772 3174 959 3235 fuerit
1021 3173 1201 3235 nobis
1262 3176 1502 3246 mittas,
1567 3175 1658 3236 ita
1718 3173 1888 3256 quod
1949 3194 2091 3236 eam
2154 3175 2499 3237 habeamus
2554 3176 2620 3236 in
2680 3177 2941 3238 Octabis
3003 3177 3242 3238 Sancte

769 3281 1120 3350 Trinitatis,
1164 3280 1518 3362 ubicunque
1559 3297 1712 3343 tunc
1755 3282 2056 3343 fuerimus
2095 3283 2161 3342 in
2200 3283 2443 3362 Anglia.
2542 3283 2631 3343 Et
2672 3289 2742 3343 tu
2782 3284 2917 3363 ipse
2952 3291 3106 3344 tnnc
3146 3283 3241 3344 sis

765 3387 1016 3459 ibidem,
1063 3387 1144 3448 ad
1199 3387 1705 3467 respondendum
1747 3387 1825 3447 de
1866 3393 2234 3467 contemptu
2267 3388 2499 3467 prioris
2542 3389 2825 3450 mandati
2868 3388 3065 3449 nostri
3110 3389 3229 3450 tibi

764 3493 831 3554 in
888 3493 1006 3554 hac
1060 3499 1241 3572 parte
1296 3492 1536 3555 directi.
1666 3493 1855 3554 Teste
1911 3493 2150 3573 meipso
2209 3494 2379 3574 apud
2443 3493 3098 3568 westmonasterium,
3150 3496 3237 3575 vij

770 3599 873 3661 die
917 3599 1092 3672 Maii,
1139 3619 1307 3661 anno
1347 3599 1522 3680 regni
1563 3600 1760 3662 nostri
1803 3609 2050 3681 quarto,

933 3756 1287 3834 Episcopus
1350 3763 1630 3817 attornet
1691 3756 1964 3836 aliquem
2030 3757 2137 3837 qui
2166 3765 2499 3838 ,sequatur
2554 3776 2669 3838 pro
2726 3757 2895 3838 Rege
2951 3758 3017 3818 in
3068 3758 3241 3820 dicto

771 3863 1007 3943 placito
1046 3863 1113 3923 in
1157 3862 1417 3925 Octabis
1461 3863 1694 3924 Sancte
1736 3862 2089 3925 Trinitatis.

775 4142 923 4202 Jan.
973 4146 1022 4212 7,
1066 4141 1536 4202 lma—Lector
1585 4149 1643 4202 to
1688 4141 1925 4202 Master
1956 4142 2042 4212 0„
2091 4141 2304 4202 Canon
2339 4142 2409 4219 of
2446 4141 2536 4201 St.
2582 4143 2878 4213 Panem-3,
2928 4143 3235 4214 Florence,

1017 4221 1311 4300 claiminq
1355 4222 1452 4282 the
1496 4221 1746 4300 hearinq
1788 4222 1860 4301 of
1898 4243 1939 4282 a
1980 4222 2107 4282 suit
2153 4223 2361 4282 moved
2404 4223 2479 4301 by
2524 4222 2622 4283 the
2668 4223 2855 4283 Prior
2902 4223 3031 4282 and
3082 4223 3235 4283 Con·-

1018 4310 1157 4363 vent
1197 4303 1267 4382 of
1308 4303 1687 4363 Wrokestone
1727 4302 1975 4381 aqainst
2025 4302 2304 4363 William
2342 4303 2415 4363 de
2456 4304 2667 4382 Loyes,
2716 4304 3042 4382 exempted,
3085 4323 3157 4364 as
3198 4324 3239 4364 a

1023 4383 1345 4454 Grusader,
1396 4383 1471 4462 by
1523 4383 1621 4444 the
1672 4383 1904 4444 Second
1957 4384 2218 4445 Gouncil
2263 4384 2334 4463 of
2380 4385 2589 4462 Lyons
2626 4385 2797 4464 from
2842 4385 3234 4464 proceedinqs

1019 4464 1090 4523 in
1135 4465 1352 4524 Courts
1394 4464 1631 4524 outside
1676 4464 1771 4524 his
1815 4485 1949 4524 own
1987 4465 2236 4526 diocese.

939 4639 1041 4699 Da
1086 4639 2007 4711 onnons1emms.—Thomas,
2050 4645 2195 4710 etc..
2238 4638 2545 4718 magistro
2592 4637 2662 4701 G.
2708 4637 2786 4699 de
2829 4638 3241 4711 Florentino,²

775 4744 1095 4807 Canonico
1140 4743 1357 4804 Sancti
1401 4745 1725 4804 Pancracii
1784 4744 1861 4804 de
1916 4744 2301 4816 Florentino,
2348 4745 2617 4804 salutem
2660 4744 2727 4804 in
2768 4763 2843 4805 eo
2884 4746 2993 4825 qui
3037 4745 3237 4806 salvat

777 4853 1105 4929 sperantes
1145 4847 1212 4907 in
1254 4865 1340 4908 se.
1427 4847 1652 4908 Felicis
1693 4847 2149 4909 recordacionis
2186 4849 2527 4929 Gregorius
2560 4849 2737 4928 Papa
2771 4869 2974 4928 nuper
3010 4849 3233 4910 statuit

1627 4985 1935 5034 l—Probably
1961 4998 1991 5028 a
2019 4987 2167 5034 Papal
2190 4986 2418 5034 delegate.
