3619 5868
1261 521 1561 602 Episcopi
1613 523 2095 602 Heresordensts.
2794 530 2909 590 147

450 785 578 848 oct.
622 788 982 867 26.—Aftcr
1029 788 1367 849 Visitation
1406 791 1476 868 of
1513 790 1610 851 the
1651 790 1839 851 Prior
1878 791 2004 850 aud
2050 791 2314 851 Convent
2356 794 2425 871 of
2464 793 2770 872 Chirbury
2815 794 2914 855 the

691 869 928 949 Bishop
971 869 1194 930 direct-s
1242 869 1402 930 them
1446 878 1504 932 to
1547 871 1776 932 enolose
1826 871 1985 931 their
2035 871 2365 951 buildin93,
2416 874 2541 933 and
2589 873 2769 934 check
2814 875 2913 936 the

686 952 1028 1092 ggffdsalgf
1076 970 1421 1110 11360633αῶ
1421 952 1819 1111 ἶῖηίὲξξεηίῖε
1850 952 2297 1111 ἴξέῗιῆῑαζχιῗηεεη
2310 955 2911 1114 οέφῖιωῖῗιείηηέἒὲγῖνῖαπῑ

691 1111 756 1172 be
807 1111 944 1172 held
993 1113 1064 1172 in
1113 1113 1209 1172 the
1253 1113 1488 1174 Pari-ah
1534 1113 1780 1174 Church
1821 1135 1890 1174 or
1928 1115 2283 1192 yraveyard.
2394 1115 2606 1194 Owinq
2650 1123 2707 1177 to
2752 1117 2913 1177 their

687 1192 856 1253 debts
901 1192 1061 1253 their
1099 1193 1352 1253 number
1389 1200 1553 1254 must
1593 1201 1698 1254 not
1742 1194 1808 1255 bc
1842 1195 2152 1254 inco-cased
2184 1196 2443 1256 without
2479 1197 2575 1257 his
2609 1197 2908 1269 sanction,

687 1293 800 1334 nor
843 1273 941 1334 tho
979 1274 1143 1334 rulcs
1185 1275 1257 1353 os
1288 1275 1507 1336 silence
1547 1275 1969 1353 disreyarded;
2006 1295 2119 1335 nor
2150 1283 2314 1337 mvtst
2353 1277 2451 1338 the
2484 1277 2671 1338 Prior
2702 1278 2912 1339 absent

692 1354 942 1434 himself
979 1356 1148 1434 from
1209 1355 1466 1426 oloister,
1529 1357 1839 1434 resectory,
1897 1377 1966 1416 or
2026 1356 2379 1436 dormitm.
2484 1359 2581 1419 No
2622 1366 2912 1438 property

689 1441 854 1496 must
903 1435 969 1496 bc
1019 1435 1342 1496 alienated.
1453 1437 1693 1497 Canon-s·
1744 1438 1814 1515 of
1850 1437 2135 1516 doubtful
2181 1438 2559 1499 antecedents
2600 1447 2763 1500 must
2806 1447 2915 1500 not

687 1535 758 1594 90
817 1516 1056 1577 outsidc
1099 1516 1197 1577 the
1250 1517 1554 1578 enclosure
1610 1517 1869 1578 without
1933 1519 2325 1598 trustworthy
2387 1520 2907 1600 compartionship.

687 1598 916 1676 Report
971 1604 1135 1658 must
1197 1599 1264 1659 bc
1319 1599 1496 1658 made
1555 1599 1626 1676 os
1689 1599 1787 1660 the
1840 1598 2271 1678 punishments
2333 1601 2403 1678 os
2459 1601 2623 1661 those
2682 1602 2752 1680 of
2808 1601 2910 1662 izz-

683 1685 908 1756 reputo.

608 1859 952 1922 Cnmmmr
1007 1879 1130 1921 PRO
1185 1861 2140 1932 connncmomnua—Thomas,
2182 1870 2324 1936 etc„
2370 1861 2571 1921 Priori
2626 1868 2689 1922 et
2748 1862 2907 1923 Con-

439 1966 660 2026 ventui
691 1967 768 2026 de
812 1965 1160 2045 Chirebury
1199 1967 1490 2038 salutem,
1522 1973 1642 2028 etc.
1730 1966 1985 2042 Quanto
2014 1968 2128 2027 viri
2162 1968 2479 2046 regulares
2512 1975 2576 2028 et
2612 1969 2905 2047 religiosi,

445 2092 522 2133 ex
568 2071 824 2134 Ordinis
866 2074 964 2134 sui
1006 2073 1237 2144 debit0,
1285 2074 1410 2134 vite
1451 2073 1914 2152 preeminencie.
1956 2082 2021 2134 et
2078 2074 2559 2135 conversacione
2609 2073 2909 2134 laudabili

440 2180 587 2240 aliis
643 2180 706 2239 in
765 2181 1089 2259 speculum
1144 2200 1281 2242 esse
1339 2187 1632 2242 tenentur
1679 2181 2060 2252 sanctitatis,
2106 2181 2213 2260 qui
2256 2182 2467 2243 divina
2510 2181 2913 2260 providencia

439 2287 504 2347 in
548 2286 745 2365 ipsius
789 2295 1022 2347 sortem
1067 2288 1420 2365 specialiter
1463 2296 1611 2348 sunt
1655 2289 1856 2359 electi,
1889 2295 2069 2348 tanto
2108 2287 2393 2349 acerbius
2427 2287 2909 2366 reprehensione

441 2393 613 2474 digni
670 2403 733 2454 et
791 2393 1052 2455 diversis
1108 2414 1413 2473 penarum
1469 2393 1799 2473 generibus
1853 2394 2071 2473 procul
2126 2393 2315 2454 dubio
2372 2393 2684 2472 affligendi
2734 2398 2905 2466 sunt,

442 2500 496 2561 si
539 2501 604 2559 in
648 2500 848 2580 legem
893 2500 1014 2560 Dei
1057 2501 1152 2560 sui
1195 2508 1260 2560 et
1302 2507 1520 2560 contra
1560 2500 1879 2579 religionis
1923 2519 2034 2560 sue
2082 2498 2520 2562 observancias
2569 2499 2906 2579 quicquam

441 2604 780 2666 indiscrete
836 2611 899 2667 et
961 2606 1319 2687 frequenter
1382 2591 1809 2667 commiserint
1866 2625 1976 2684 per
2030 2605 2199 2686 quod
2254 2605 2623 2666 scandalum
2680 2604 2904 2665 menti-

439 2711 558 2772 bus
615 2712 878 2772 aliorum
937 2731 1063 2771 non
1119 2712 1412 2774 inmerito
1467 2712 1676 2772 valeat
1729 2711 2032 2790 generari,
2078 2731 2218 2771 cum
2272 2729 2348 2770 ea
2389 2730 2512 2791 que
2553 2729 2594 2770 a
2634 2711 2800 2770 clero
2842 2719 2909 2770 et

440 2817 713 2877 maxime
774 2816 1077 2896 religiosis
1140 2823 1411 2895 aguntur
1473 2817 1551 2876 de
1612 2817 1780 2877 facili
1843 2816 2185 2876 trahuntur
2247 2836 2285 2876 a
2348 2815 2615 2876 subditis
2678 2795 2744 2875 in
2803 2834 2905 2875 ex-

439 2922 736 3002 emplum.
828 2923 989 2984 Sane
1044 2942 1122 2983 ex
1177 2925 1515 2984 commissa
1569 2922 1888 3002 regiminis
1942 2922 2124 2983 nobis
2180 2942 2217 2983 a
2261 2921 2398 2983 Deo
2441 2942 2591 2983 cura
2631 2921 2905 2982 officium

438 3028 841 3089 visitacionis
895 3029 962 3088 in
1017 3036 1228 3090 vestro
1284 3030 1573 3089 Prioratu
1629 3048 1830 3108 nuper
1885 3028 2342 3106 impendentes,
2408 3027 2713 3087 nonnulla
2781 3026 2903 3087 dis-

434 3135 740 3213 plicencia
808 3154 882 3195 ex
958 3135 1160 3196 relatu
1230 3135 1681 3213 fidedignorum
1743 3128 2192 3205 intelleximus,
2261 3153 2505 3194 necnon
2568 3139 2631 3195 et
2693 3134 2906 3213 aliqua

438 3240 691 3301 oculata
733 3240 855 3301 fide
897 3240 1281 3319 perpendere
1322 3241 1662 3321 potuimus,
1707 3261 1830 3321 que
1872 3240 2152 3301 animum
2196 3244 2482 3299 nostrum
2527 3247 2747 3300 contra
2794 3259 2905 3299 vos

439 3365 566 3406 non
609 3346 925 3406 modicum
968 3366 1217 3407 movere
1257 3354 1570 3425 poterant,
1617 3354 1680 3406 et
1722 3366 1845 3427 que
1888 3346 1968 3407 ad
2011 3346 2639 3406 animadvertendum
2683 3346 2746 3405 in
2789 3365 2902 3405 vos

440 3451 650 3531 penali
712 3451 946 3530 judicio
1007 3452 1192 3513 variis
1255 3472 1332 3513 ex
1402 3453 1610 3513 causis
1677 3452 2162 3525 racionabiliter,
2230 3452 2403 3512 novit
2476 3453 2670 3524 Deus,
2744 3454 2901 3513 satis

433 3556 683 3618 fuerant
747 3557 1088 3618 inductiva.
1214 3558 1340 3617 Illa
1401 3558 1590 3638 igitur
1654 3578 1775 3639 que
1838 3558 2229 3619 correccione
2290 3576 2403 3618 seu
2452 3557 2903 3619 reformacione

437 3664 629 3743 digna
685 3683 824 3725 esse
879 3684 1229 3738 censemus,
1274 3672 1459 3744 prout
1508 3665 1591 3725 ad
1644 3684 1905 3744 presens
1962 3684 2148 3743 super
2190 3664 2310 3725 hiis
2353 3664 2692 3725 deliberare
2735 3664 2901 3725 vale·

438 3788 642 3841 amus,
687 3780 1080 3832 reservantes
1129 3770 1310 3832 nobis
1366 3791 1596 3851 penam
1653 3792 1766 3851 pro
1808 3772 2180 3843 commissis,
2225 3770 2399 3831 vobis
2444 3769 2720 3831 seriatim
2764 3789 2899 3849 pre-

434 3875 720 3937 sentibus
757 3874 1210 3954 significamus;
1256 3876 1320 3935 in
1355 3876 1580 3956 quibus
1613 3875 1981 3954 diligencius
2014 3874 2396 3953 corrigendis
2430 3874 2485 3935 si
2518 3874 2903 3954 negligentes

432 3979 675 4039 fueritis
732 3979 830 4040 vel
893 3979 1156 4050 remissi,
1210 3979 1407 4040 eciam
1464 3999 1576 4058 pro
1624 3979 2023 4059 presentibus
2070 3984 2134 4039 et
2176 3979 2425 4051 futuris,
2468 3976 2904 4038 indubitanter

433 4084 803 4144 canonicam
858 4085 1094 4145 evitare
1150 4104 1277 4145 non
1333 4085 1606 4145 credatis
1660 4084 1994 4145 ulcionem.
2102 4084 2180 4143 In
2237 4083 2456 4163 primis
2517 4083 2731 4162 itaque
2788 4083 2900 4144 filii

433 4189 766 4261 karissimi,
841 4189 1105 4250 firmiter
1172 4189 1550 4269 precipimus
1618 4189 2005 4269 injungendo
2069 4188 2233 4269 quod
2298 4188 2463 4249 infra
2524 4197 2705 4268 septa
2768 4208 2897 4249 mo·

431 4296 693 4357 nasterii
762 4296 956 4355 vestri
1015 4300 1259 4357 vosmet
1329 4296 1502 4375 ipsos
1570 4295 1660 4355 ita
1722 4295 2132 4356 materialiter
2197 4293 2433 4354 includi
2501 4293 2750 4354 faciatis
2820 4314 2901 4355 ne

431 4403 724 4464 omnibus
798 4405 1111 4465 extraneis
1181 4404 1356 4464 laicis
1431 4412 1496 4466 et
1571 4404 1937 4465 mulieribus
2015 4411 2077 4465 et
2159 4404 2299 4463 aliis
2374 4401 2737 4464 indistincte
2806 4403 2898 4463 in·

429 4510 749 4589 grediendi
807 4511 944 4572 loca
1003 4517 1233 4584 vestra,
1289 4511 1400 4590 [in]
1453 4511 1681 4591 quibus
1736 4510 2260 4588 contemplacioni
2315 4515 2378 4569 et
2434 4509 2646 4570 divino
2701 4509 2900 4569 cultui

430 4616 740 4677 secrecius
812 4636 1034 4677 vacare
1105 4616 1368 4688 debetis,
1435 4622 1621 4697 prout
1684 4617 2012 4689 hactenus,
2075 4617 2153 4677 de
2214 4635 2339 4696 quo
2400 4615 2705 4687 dolemus,
2763 4615 2899 4675 fieri

429 4721 774 4794 consuevit,
849 4724 1236 4802 inposterum
1314 4730 1530 4803 pateat
1609 4724 1880 4784 facultas
1957 4722 2313 4793 accedendi,
2391 4727 2487 4782 set
2565 4720 2729 4781 circa
2804 4720 2895 4780 in-

429 4828 777 4889 clusionem
815 4829 1002 4889 vestri
1039 4837 1102 4889 et
1145 4830 1475 4890 ecclesiam
1514 4836 1788 4891 vestram
1823 4828 2313 4890 construendam
2356 4828 2541 4889 solito
2582 4826 2897 4889 efficacius

431 4932 748 5005 laboretis,
791 4934 936 4994 licet
978 4934 1169 5007 victu,
1210 4935 1462 5008 vestitu,
1498 4940 1561 4995 et
1600 4936 1740 4996 aliis
1779 4935 2241 5016 aliquantulum
2282 4952 2392 4995 vos
2430 4933 2626 4994 vitam
2665 4932 2892 4995 ducere
