3619 5868
803 524 882 584 48
1213 602 1218 606 ν
1450 525 1805 604 Reqistrum
1863 526 2081 587 Thome
2134 526 2208 586 de
2280 524 2611 605 Cantilupo

803 749 976 828 regni
1031 752 1220 811 certis
1275 748 1446 811 horis
1515 769 1822 829 campane
1890 750 2128 829 pulsari
2184 750 2642 822 consueverint,
2702 765 2775 810 ut
2837 750 2925 811 ita
2982 750 3269 811 fidelium

803 856 1078 918 excitata
1120 857 1375 918 devocio
1417 857 1782 918 memoriam
1828 856 2060 918 habere
2100 857 2305 918 valeat
2361 857 2734 928 divinorum,
2786 864 2851 917 et
2898 856 3270 935 parochiani

807 964 889 1026 ad
919 982 1100 1025 sacra
1129 964 1248 1025 Dei
1275 964 1539 1045 Templa
1579 964 1884 1025 libencius
1926 964 2247 1036 accedant,
2291 965 2538 1024 veniam
2580 983 2694 1043 pro
2736 963 2867 1024 suis
2908 962 3271 1023 excessibus

807 1069 1089 1149 petituri,
1119 1070 1454 1151 divinaque
1499 1070 1722 1142 officia,
1765 1078 1953 1149 prout
2001 1070 2191 1131 moris
2238 1076 2357 1143 est,
2401 1070 2633 1131 ibidem
2681 1070 2919 1149 pariter
2966 1068 3266 1139 audituri,

807 1174 1105 1236 admirari
1149 1194 1274 1235 non
1317 1194 1640 1237 cessamus
1681 1176 1831 1257 quia
1870 1176 1937 1236 in
1978 1181 2111 1236 tam
2156 1196 2383 1255 magna
2416 1182 2671 1255 tamque
2700 1174 2929 1236 celebri
2969 1174 3273 1254 parochia

811 1280 1175 1359 hujusmodi
1217 1281 1614 1359 pulsaciones
1655 1281 1790 1342 fieri
1833 1302 1958 1342 non
1992 1282 2326 1352 dicuntur;
2370 1289 2468 1343 set
2495 1300 2878 1361 quamquam
2908 1279 3272 1359 sumptibus

807 1386 1082 1465 ipsorum
1127 1387 1672 1466 parochianorum,
1717 1396 1788 1448 ut
1844 1388 2217 1459 audivimu8‚
2274 1406 2579 1467 campane
2634 1386 2865 1447 ibidem
2922 1386 3271 1447 extiterant

811 1499 1174 1570 comparate
1215 1492 1281 1550 in
1324 1511 1477 1552 usus
1518 1492 1618 1551 vel
1659 1492 2001 1552 utilitatem
2044 1492 2343 1571 ipsorum,
2374 1491 2548 1551 nullo
2589 1498 2870 1569 tempore
2910 1491 3269 1569 pulsantur,

812 1616 927 1659 nec
957 1596 1038 1657 ad
1067 1616 1281 1658 eorum
1313 1597 1762 1659 excitacionem
1792 1599 2029 1678 pulsari
2058 1618 2099 1659 a
2126 1598 2300 1659 vobis
2342 1598 2739 1678 aliquatenus
2770 1598 3226 1677 permittuntur
3253 1616 3269 1669 ;

808 1725 884 1766 ex
915 1724 1038 1785 quo
1060 1704 1230 1766 aliud
1254 1705 1487 1765 malum
1516 1704 1832 1765 interdum
1862 1706 2187 1784 contingit,
2221 1705 2385 1786 quod
2415 1705 2954 1766 administratores
2984 1703 3271 1783 ejusdem

811 1810 1072 1871 ecclesie
1115 1812 1372 1870 statutis
1413 1810 1584 1870 horis
1625 1818 1881 1889 propter
1920 1810 2198 1890 ipsarum
2248 1811 2776 1882 incertitudinem,
2822 1809 3105 1871 Creatori
3152 1828 3274 1870 suo

808 1915 1024 1977 debita
1065 1916 1382 1997 obsequia,
1430 1931 1502 1976 ut
1545 1922 1862 1986 tenentur,
1899 1937 2025 1977 non
2067 1918 2462 1996 impendunt.
2549 1916 2987 1977 Intelleximus
3028 1916 3271 1997 itaque,

809 2022 971 2102 quod
994 2022 1214 2083 diebus
1233 2023 1581 2083 Dominicis
1599 2028 1662 2084 et
1685 2024 1973 2095 Festivis,
1998 2022 2225 2103 quibus
2242 2024 2358 2084 soli
2378 2024 2515 2083 Deo
2536 2031 2707 2084 esset
2726 2023 3101 2093 vacandum,
3122 2042 3273 2083 cure

810 2128 1128 2189 seculares
1156 2135 1220 2189 et
1249 2128 1486 2208 placita
1513 2134 1723 2190 vestra
1750 2130 1815 2189 in
1838 2130 2290 2209 temporalibus
2310 2150 2421 2210 per
2448 2149 2560 2190 vos
2578 2129 2850 2209 agitatis,
2882 2136 2947 2190 et
2974 2149 3089 2207 per
3110 2130 3274 2190 alios

807 2235 1018 2296 facitis
1045 2242 1109 2295 et
1138 2234 1468 2313 injungitis
1497 2234 1718 2313 agitari
1741 2258 1759 2309 3
1803 2256 1916 2314 per
1942 2236 2108 2317 quod
2152 2236 2258 2296 alii
2301 2242 2645 2314 magnates,
2677 2236 2821 2296 laici
2863 2241 2926 2296 et
2953 2242 3272 2315 potentes,

810 2340 996 2401 dictis
1052 2340 1439 2419 temporibus
1501 2341 1655 2402 illud
1722 2342 1888 2402 idem
1959 2344 2161 2404 facere
2231 2363 2357 2404 non
2426 2342 2788 2414 formidant,
2845 2342 3269 2421 perniciosum

809 2448 1167 2527 exemplum
1226 2468 1265 2509 a
1318 2446 1497 2509 vobis
1551 2455 1894 2520 sumentes,
1945 2457 2017 2509 ut
2070 2448 2319 2521 dicitur,
2369 2449 2435 2509 in
2492 2448 2613 2509 hac
2669 2454 2865 2527 parte.
2972 2450 3275 2510 Preterea

816 2553 1168 2615 cotidianas
1196 2553 1676 2615 distribuciones
1717 2559 1782 2614 et
1824 2555 2199 2617 elemosinas
2225 2555 2418 2616 vestri
2448 2556 2769 2616 Prioratus
2796 2555 3177 2634 pauperibus
3202 2562 3275 2617 et

808 2660 1020 2738 egenis
1047 2659 1395 2739 erogandas
1417 2662 1479 2719 in
1503 2661 1690 2720 certis
1721 2660 2145 2739 proventibus,
2178 2660 2541 2733 redditibus,
2574 2670 2637 2722 et
2664 2662 3161 2741 possessionibus
3188 2662 3275 2723 ad

808 2767 929 2827 boc
958 2766 1310 2846 antiquitus
1347 2768 1724 2845 assignatas,
1768 2787 1883 2847 pro
1925 2786 2153 2846 magna
2193 2773 2373 2847 parte
2416 2768 2701 2830 nonnulli
2744 2768 2865 2829 hiis
2905 2767 3126 2830 diebus
3160 2789 3277 2847 per

807 2891 921 2936 vos
950 2880 1318 2934 constanter
1346 2880 1636 2936 asserunt
1666 2893 1804 2934 esse
1848 2873 2203 2937 subtractas
2231 2874 2399 2954 quod
2427 2874 2601 2937 vobis
2630 2875 3049 2954 periculosum
3079 2874 3273 2936 nimis

808 2999 946 3041 esse
1000 2980 1388 3052 estimamus‚
1447 2988 1510 3041 et
1559 3000 1674 3041 nos
1722 2981 1898 3053 illud,
1951 2983 2125 3042 novit
2174 2983 2365 3052 Deus,
2423 3001 2610 3060 grave
2656 2982 2839 3043 valde
2887 2983 3161 3060 gerimus
3203 2990 3273 3043 et

813 3086 1169 3147 molestum.
1241 3086 1405 3161 Quia
1423 3087 1614 3166 igitur
1635 3087 1941 3166 premissa
1962 3092 2026 3147 et
2048 3087 2172 3148 hiis
2200 3087 2551 3148 consimilia
2572 3087 3050 3148 conniventibus
3072 3087 3274 3148 oculis

809 3190 1264 3253 dissimulando
1319 3193 1585 3254 tolerare
1641 3213 1768 3253 non
1802 3213 2139 3272 possumus
2190 3213 2304 3254 nec
2346 3193 2667 3264 debemus.
2714 3214 2824 3255 vos
2872 3213 3161 3272 rogamus
3202 3203 3273 3253 et

816 3307 1180 3361 exortamur
1221 3300 1284 3358 in
1329 3299 1624 3370 Domino,
1653 3300 1716 3359 in
1753 3300 1981 3361 virtute
2022 3300 2382 3361 obediencie
2421 3319 2547 3380 qua
2590 3301 2910 3370 tenemini,
2942 3300 3059 3360 sub
3100 3317 3269 3378 pena

810 3406 1110 3467 canonice
1166 3405 1582 3467 districcionis
1634 3406 1899 3468 firmiter
1952 3407 2396 3468 nichilominus
2452 3406 2838 3485 injungendo
2884 3407 3053 3486 quod
3108 3404 3272 3464 citra

807 3511 1053 3572 instans
1095 3511 1327 3573 festum
1388 3512 1617 3573 Sancte
1657 3513 1985 3573 Trinitatis
2040 3512 2321 3592 predicta
2375 3513 2588 3573 omnia
2643 3522 2707 3572 et
2764 3511 3008 3589 singula
3064 3509 3269 3569 modis

809 3617 1103 3678 omnibus
1172 3617 1290 3678 rite
1359 3617 1704 3696 corrigatis,
1760 3625 1831 3678 ut
1885 3620 1949 3678 in
2008 3625 2245 3679 statum
2304 3618 2607 3690 debitum,
2666 3618 2805 3678 Deo
2860 3625 2923 3677 et
2982 3615 3267 3676 Ecclesie

805 3723 1183 3804 placentem,
1221 3723 1356 3784 sine
1401 3723 1682 3785 ulteriori
1727 3724 2033 3784 dilacione
2076 3723 2261 3803 digne
2306 3731 2371 3784 et
2420 3723 2816 3784 laudabiliter
2864 3720 3159 3782 reducere
3200 3727 3267 3782 et

807 3831 1145 3892 reformare
1175 3829 1426 3901 curetis,
1459 3849 1538 3890 ne
1569 3830 1777 3911 aliqua
1805 3830 1963 3891 dura
1984 3830 2081 3890 vel
2110 3848 2351 3909 aspera,
2382 3829 2711 3890 occasione
2740 3833 3139 3906 contemptus
3164 3826 3267 3888 vel

810 3936 1239 3998 inobediencie
1280 3936 1344 3996 in
1388 3935 1729 4015 premissis,
1769 3945 1990 3996 contra
2031 3955 2140 3996 vos
2182 3941 2416 3996 extunc
2458 3942 2736 3995 statuere
2779 3953 2893 3994 nos
2934 3939 3261 4012 oporteat;

811 4045 976 4127 quod
1004 4063 1118 4123 pro
1147 4050 1320 4104 certo
1349 4042 1686 4103 admodum
1719 4042 2066 4102 faceremus
2093 4041 2293 4102 inviti.
2380 4040 2646 4101 Modum
2684 4059 2828 4100 vero
2856 4037 3263 4099 correccionis

810 4150 875 4211 in
900 4149 1212 4230 aliquibus
1223 4149 1668 4230 premissorum
1681 4147 1857 4210 vobis
1870 4147 2269 4208 meminimus
2282 4146 2422 4209 viva
2433 4166 2583 4207 voce
2598 4147 2846 4226 plenius
2863 4145 3260 4225 expressisse.

810 4255 951 4316 Alia
978 4273 1126 4316 vero
1154 4255 1374 4325 multa,
1407 4260 1538 4316 tam
1581 4253 1646 4313 in
1681 4255 1961 4315 ecclesiis
1988 4253 2215 4314 vestris
2240 4272 2431 4334 quam
2460 4251 2738 4330 capellis,
2762 4257 2825 4312 et
2854 4251 3265 4311 familiaribus

805 4361 971 4422 infra
999 4363 1202 4441 septa²
1222 4360 1447 4421 domus
1469 4366 1672 4421 vestre
1694 4360 2248 4429 commorantibus.
2279 4359 2344 4419 in
2367 4359 2506 4437 ipsa
2528 4357 2892 4418 visitacione
2913 4357 3265 4417 invenimus

810 4487 947 4530 esse
1002 4466 1404 4545 corrigenda;
1477 4485 1738 4546 quorum
1811 4465 2267 4526 correccionem
2336 4463 2515 4524 nobis
2570 4468 2633 4524 et
2696 4462 2963 4524 Officiali
3026 4468 3262 4534 nostro,

811 4574 1198 4656 quamcicius
1235 4592 1458 4635 vacare
1501 4573 1866 4652 poterimuS,
1912 4570 2263 4650 specialiter
2304 4570 2599 4630 duximus
2640 4569 3099 4630 reservandam.
3186 4567 3267 4628 In

809 4679 1132 4761 premissis
1202 4689 1415 4740 autem
1487 4677 1866 4756 corrigendis
1934 4686 1997 4738 et
2064 4676 2480 4737 reformandis
2543 4695 2654 4736 vos
2709 4674 2798 4734 ita
2865 4675 3145 4736 solicitos
3198 4681 3265 4734 et

813 4787 1089 4848 curiosos
1159 4785 1464 4846 exibeatis
1534 4793 1605 4844 ut
1668 4784 1732 4843 in
1791 4782 1891 4844 die
1948 4782 2150 4844 stricti
2204 4782 2244 4843 J
2249 4782 2436 4843 udicii
2489 4781 2569 4842 ab
2624 4781 2905 4842 omnium
2962 4779 3265 4841 bonorum

1803 4971 1932 5011 l—ln
1960 4971 2061 5011 MS.
2088 4970 2273 5016 scepta.
