3619 5868
515 4368 616 4413 Pol.
641 4370 681 4410 ⁴.

787 581 827 641 8
1198 622 1202 627 ·
1437 578 1794 659 Reqistrwm
1850 581 2070 642 Thomc
2122 581 2197 643 de
2254 582 2587 663 Cantilupo

789 803 1155 875 triennium,
1201 822 1320 864 nos
1362 804 1644 865 volentes
1677 804 1879 866 eidem
1921 806 2197 884 graciam
2230 806 2433 866 iacere
2474 806 2832 885 specialem,
2874 825 3094 867 omnes
3133 825 3265 878 res,

789 908 1217 989 possessiones
1259 928 1408 970 suas
1449 917 1514 970 et
1555 908 1880 982 beneficia,
1916 930 2037 991 que
2070 911 2135 971 in
2167 910 2419 991 dyocesi
2447 918 2664 972 nostra
2690 912 2956 990 optinet,
3012 931 3269 973 exnunc

793 1015 1173 1091 suscipimus
1220 1016 1286 1075 in
1331 1015 1585 1095 speciali
1631 1015 1940 1088 custodia,
2001 1017 2413 1095 proteccione,
2472 1022 2537 1077 et
2592 1016 2955 1077 defensione
2996 1021 3263 1087 nostra;

791 1120 1174 1182 mandantes
1226 1130 1290 1181 et
1345 1120 1761 1201 precipientes
1816 1120 2083 1183 Officiali
2125 1131 2361 1192 nostro,
2408 1123 2517 1202 qui
2557 1141 2670 1201 pro
2712 1128 2993 1201 tempore
3048 1124 3265 1195 fuerit,

797 1233 860 1287 et
909 1226 1199 1288 omnibus
1261 1226 1505 1288 ballivis
1568 1235 1633 1289 et
1691 1226 2107 1289 servientibus
2164 1227 2415 1299 nostris,
2480 1234 2552 1288 ut
2608 1228 2729 1308 ipsi
2787 1228 3102 1290 Gulielmo
3143 1235 3265 1290 aut

798 1332 1182 1405 hominibus,
1234 1352 1345 1394 seu
1397 1333 1599 1394 eciam
1646 1333 2164 1395 Procuratoribus
2213 1340 2322 1395 aut
2370 1334 2739 1395 officialibus
2786 1335 2938 1407 suis,
2991 1336 3099 1416 qui
3144 1354 3269 1414 pro

800 1444 1081 1520 tempore
1129 1440 1380 1510 fuerint,
1439 1439 1785 1518 dampnum
1843 1438 2097 1520 aliquod
2144 1458 2257 1501 seu
2297 1438 2593 1519 injuriam
2648 1458 2776 1500 non
2816 1439 3093 1501 inferant
3146 1444 3269 1501 aut

779 1564 1148 1627 gravamen.
1289 1546 1375 1605 Et
1431 1544 1484 1605 si
1525 1543 1673 1625 quid
1725 1545 1962 1606 eisdem
2019 1544 2407 1605 forisfactum
2471 1564 2585 1606 seu
2626 1544 2994 1623 injuriatum
3050 1545 3265 1618 fuerit,

793 1652 878 1722 id,
920 1660 1230 1731 quantum
1272 1651 1337 1710 in
1377 1651 1468 1711 eis
1505 1658 1623 1721 est,
1665 1650 1901 1711 iaciant
1935 1651 2275 1711 emendari.
2362 1651 2441 1711 In
2480 1651 2661 1728 cujus
2697 1651 2786 1717 rei
2826 1651 3263 1713 testimonium

793 1757 963 1818 dicto
1025 1756 1340 1818 Gulielmo
1395 1755 1513 1817 has
1569 1756 1813 1816 litteras
1881 1762 2131 1817 nostras
2191 1755 2325 1816 fieri
2392 1754 2655 1817 fecimus
2721 1764 3018 1835 patentes
3072 1757 3265 1836 sigilli

789 1863 990 1925 nostri
1033 1862 1378 1923 munimine
1405 1862 1748 1923 roboratas.
1824 1863 2064 1922 Datum
2107 1861 2207 1922 die
2246 1862 2470 1922 Martis
2497 1861 2783 1940 proxima
2822 1872 2967 1941 post
2997 1862 3267 1924 Festum

803 1970 1177 2031 Nativitatis
1224 1970 1425 2030 Beate
1470 1968 1690 2039 Marie,
1735 1988 1904 2029 anno
1948 1968 2203 2029 Domini
2246 1968 2709 2029 M⁰CC⁰LXX0
2749 1969 2992 2048 quinto.

807 2189 1063 2251 Licence
1119 2190 1188 2267 of
1236 2187 1685 2249 non-residencc
1751 2196 1808 2249 to
1872 2188 2147 2249 william
2206 2188 2279 2249 dc
2342 2188 2617 2267 Conflcns
2665 2190 2776 2267 for
2834 2188 2999 2249 three
3059 2206 3263 2265 years,

1054 2269 1234 2330 while
1275 2278 1344 2329 at
1395 2269 1489 2330 his
1537 2269 1766 2331 studies
1816 2288 1886 2330 or
1935 2270 2031 2330 the
2080 2269 2286 2349 Papal
2331 2278 2505 2331 court
2550 2288 2620 2330 or
2668 2268 2763 2330 hie
2814 2268 3019 2329 native
3056 2268 3260 2348 place.

958 2415 1449 2475 Asommacono
1493 2413 2417 2486 Hsssronnsns1.—Thomas,
2448 2422 2590 2487 etc„
2632 2415 2947 2476 Gulielmo
2984 2415 3064 2474 de
3098 2414 3262 2475 Con-

793 2518 974 2591 flens,
1009 2519 1463 2580 Archidiacono
1493 2519 1959 2589 Herefordensi,
1992 2519 2281 2591 salutem,
2312 2520 2606 2598 graciam,
2637 2526 2701 2581 et
2730 2515 3259 2581 benediccionem.

795 2626 888 2688 Ut
929 2646 1040 2706 per
1069 2626 1406 2686 triennium
1445 2624 1841 2687 scholasticis
1867 2626 2079 2687 valeas
2106 2626 2213 2687 ubi
2255 2627 2523 2688 volueris
2564 2626 2851 2687 insistere
2891 2625 3261 2706 disciplima,

794 2740 909 2795 aut
950 2734 1017 2792 in
1047 2733 1235 2794 Curia
1263 2732 1552 2793 Romana
1579 2751 1691 2793 seu
1721 2734 1784 2792 iii
1824 2732 2107 2811 partibus
2136 2733 2285 2794 tuis²
2315 2733 2393 2795 de
2434 2734 2661 2814 quibus
2699 2734 3001 2794 oriundus
3044 2733 3262 2795 existis

793 2839 847 2901 si
895 2857 1052 2917 opus
1100 2838 1213 2899 tibi
1263 2838 1450 2899 fuerit
1499 2840 1875 2910 conversari,
1924 2858 1995 2899 ac
2043 2839 2293 2899 interim
2344 2838 2605 2911 fructus,
2652 2839 2951 2911 redditus,
3010 2850 3075 2898 et
3118 2858 3258 2918 pro-

800 2952 1028 3007 ventus
1069 2944 1384 3024 prebende
1424 2951 1528 3005 tue
1573 2945 2056 3006 Herefordensis
2098 2952 2163 3006 et
2204 2946 2463 3006 ecclesie
2508 2945 2895 3006 Dukestone’·
2931 2954 2997 3006 et
3039 2944 3256 3006 Archi-

805 3051 1174 3113 diaconatus
1231 3051 1323 3112 tui
1378 3051 1663 3131 predicti,
1721 3053 1885 3112 sicut
1934 3052 2332 3122 consuevisti,
2390 3053 2707 3132 percipere
2763 3053 2998 3124 valeas,
3042 3058 3261 3112 tenore

803 3157 1197 3236 presencium
1227 3156 1482 3218 liberam
1522 3156 1637 3217 tibi
1671 3158 2074 3218 concedimus
2102 3159 2496 3230 facultatem;
2528 3158 2777 3238 proviso
2808 3158 2975 3239 quod
3008 3158 3259 3219 interim

803 3263 960 3343 ipsis
993 3263 1326 3343 prebende,
1365 3263 1644 3332 ecclesie,
1675 3274 1742 3323 et
1769 3263 2323 3325 Archidiaconatui
2350 3264 2543 3326 facias
2570 3285 2679 3344 per
2707 3265 2965 3325 idoneos
2995 3263 3259 3326 vicarios

799 3387 912 3430 seu
958 3368 1255 3429 officiales
1296 3368 1614 3440 deserviri,
1658 3369 1752 3428 ita
1792 3370 1961 3448 quod
1994 3370 2221 3432 debitis
2263 3391 2389 3432 non
2432 3372 2800 3432 fraudentur
2839 3371 3153 3452 obsequiis
3194 3381 3258 3432 et

794 3475 1146 3537 animarum
1189 3495 1340 3536 cura
1381 3475 1445 3534 in
1487 3474 1578 3536 eis
1620 3475 1982 3536 nullatenus
2026 3477 2386 3555 negligatur.
2474 3477 2552 3536 In
2594 3477 2776 3555 cujus
2817 3476 2924 3548 rei,
2971 3483 3089 3538 etc.

799 3701 969 3780 Sept.
1003 3697 1484 3759 11.—Mandatc
1516 3704 1575 3759 to
1620 3699 1717 3759 the
1753 3701 1968 3761 Canon
2008 3719 2087 3760 on
2132 3649 2285 3778 dut&
2326 3707 2385 3760 to
2426 3699 2641 3760 induet
2686 3705 2891 3776 Hem-y
2934 3699 3007 3760 de
3046 3700 3255 3762 Wood-

1037 3778 1205 3840 stock
1249 3787 1307 3840 to
1353 3779 1450 3839 the
1487 3779 1758 3859 pretend
1795 3781 1865 3858 of
1898 3784 2173 3850 Preston,
2217 3780 2473 3841 vacatcd
2514 3779 2590 3858 by
2621 3780 2719 3842 the
2746 3779 3000 3860 Bishop,
3038 3780 3167 3841 and
3196 3788 3259 3842 to

1036 3860 1255 3922 install
1298 3859 1426 3920 him
1464 3861 1534 3920 in
1573 3861 1671 3921 the
1719 3860 2077 3924 Gathedral.

953 4001 1250 4074 Thomas,
1281 4008 1426 4073 etc„
1458 4001 1947 4063 Ebdomodario⁸
1968 4001 2251 4081 ejusdem
2280 4002 2562 4064 Ecclesia
2592 4002 2879 4074 salutem,
2910 4011 3031 4064 etc.
3096 4003 3256 4064 Cum

789 4106 1173 4187 prebendam
1203 4106 1280 4167 de
1303 4106 1590 4178 Preston,
1613 4126 1804 4186 quam
1833 4108 1899 4166 in
1928 4107 2216 4168 Ecclesia
2248 4106 2693 4168 Herefordensi
2720 4107 3062 4180 tenuimus,
3089 4127 3257 4169 nunc

797 4220 1146 4286 vacantem,
1198 4213 1429 4274 dilecto
1484 4213 1663 4273 nobis
1706 4213 1773 4273 in
1823 4214 2077 4275 Christo
2120 4214 2375 4274 domino
2424 4213 2703 4274 Henrico
2746 4213 2824 4274 de
2876 4213 3257 4276 wodestoke

798 4339 997 4400 nuper
1063 4319 1512 4381 contulerimus
1581 4320 1819 4380 intuitu
1901 4319 2201 4392 caritatis,
2272 4319 2447 4380 vobis
2516 4319 2892 4380 mandamus
2960 4319 3260 4399 quatinus

800 4426 1036 4488 dictum
1080 4426 1426 4487 Hem-icum
1459 4425 1556 4486 vel
1589 4425 1727 4504 ejus
1757 4425 2235 4486 Procuratorem
2268 4426 2334 4485 in
2374 4425 2758 4505 corporalem
2791 4425 3255 4505 possessionem

797 4541 1141 4594 memorate
1182 4531 1494 4611 prebende
1537 4541 1600 4593 et
1635 4531 1916 4593 omnium
1950 4531 2403 4611 pertinencium
2447 4530 2528 4592 ad
2568 4530 2833 4592 eandem
2862 4531 2998 4592 vice
3040 4540 3259 4593 nostra

805 4646 870 4701 et
913 4639 1286 4701 auctoritate
1333 4637 1664 4709 inducatis,
1709 4637 1916 4699 locum
1964 4645 2027 4699 et
2078 4638 2335 4699 stallum
2385 4637 2451 4696 in
2500 4637 2790 4716 Capitulo
2838 4642 2901 4698 et
2950 4636 3160 4698 Ohoro
3198 4637 3258 4699 ei

919 4774 1226 4821 l—Probably
1255 4775 1300 4814 in
1327 4773 1500 4821 Savoy.
1529 4777 1581 4815 at
1608 4785 1638 4814 a
1665 4773 1796 4820 place
1822 4773 1993 4815 named
2018 4771 2251 4815 conflens.
2280 4776 2332 4814 at
2357 4773 2442 4814 the
2466 4770 2736 4813 confluenee
2760 4770 2811 4812 of
2834 4774 2933 4813 two
2960 4771 3127 4812 rivers.

913 4827 1111 4867 2—Now
1129 4825 1319 4870 Dixton.
1339 4835 1454 4865 neni·
1471 4825 1766 4865 Moumouth.

915 4875 1359 4922 s—Hebdomadary
1383 4885 1502 4919 was,
1531 4873 1578 4914 in
1611 4872 1841 4914 Hereford
1860 4885 1917 4914 as
1933 4873 2203 4917 elsewhere.
2222 4885 2251 4914 a
2271 4883 2411 4914 name
2427 4870 2502 4912 for
2528 4871 2611 4930 tl'je
2627 4872 2789 4930 §anon
2806 4871 2915 4912 who
2930 4882 3035 4912 was
3060 4882 3121 4911 on
3146 4870 3267 4918 duty

792 4925 869 4968 for
898 4929 980 4968 the
1007 4925 1150 4966 week.
1219 4925 1371 4965 When
1403 4923 1756 4964 non-residence
1791 4924 1983 4964 became
2017 4934 2233 4964 common
2263 4925 2346 4963 the
2380 4926 2504 4963 term
2530 4921 2875 4980 distinguished
2908 4923 2992 4962 the
3016 4922 3181 4963 Canon
3216 4921 3266 4980 in

793 4976 1050 5021 residenee.
1081 4976 1189 5016 who
1218 4974 1331 5016 took
1357 4975 1440 5015 the
1473 4975 1602 5020 place
1627 4972 1679 5014 of
1703 4975 1786 5014 the
1815 4975 1947 5014 Dean
1979 4973 2026 5013 ln
2062 4973 2137 5014 his
2164 4973 2381 5014 absence.
2445 4973 2542 5013 The
2571 4972 2701 5013 word
2728 4983 2781 5020 is,
2794 4971 3039 5018 variously
3068 4972 3191 5018 spelt
3216 4981 3267 5011 in

787 5028 874 5070 the
892 5028 995 5068 MS.
