3619 5868
1217 499 1518 580 Episcopi
1571 500 2052 579 Herefordensis.
2744 505 2860 564 201

409 724 653 784 occasio
712 723 1131 803 delinquendi.
1234 726 1586 805 Eapropter
1639 725 1704 784 in
1756 725 2031 786 Cenobio
2074 732 2283 787 vestro
2325 733 2495 788 certa
2540 733 2688 788 sunt
2728 728 2869 788 loca

405 848 528 906 que
569 849 681 889 vos
723 829 892 890 exire
933 849 1061 890 non
1111 831 1438 901 convenit;
1501 836 1574 890 ut
1621 831 1879 910 possitis
1922 831 2197 892 Domino
2238 832 2441 892 cordis
2484 838 2547 893 et
2590 833 2866 912 corporis

404 935 836 996 innocencium
894 957 1277 998 conservare.
1390 937 1661 998 Introire
1716 939 1957 1000 debetis
2012 939 2386 1011 oratorium;
2444 941 2508 999 in
2559 961 2682 1020 quo
2723 961 2863 1020 pro-

403 1041 666 1102 videatis
735 1040 912 1102 vobis
979 1043 1320 1122 prudenter
1393 1043 1628 1102 orando
1706 1063 1802 1114 ne,
1876 1043 1943 1102 in
2020 1044 2508 1122 temptacionem
2590 1044 2863 1124 aliquam

403 1148 769 1219 incidenteS,
827 1148 1238 1227 prolabamini
1295 1149 1361 1207 in
1421 1148 1736 1209 delictum.
1850 1148 2178 1210 Accedatis
2240 1150 2319 1209 ad
2377 1150 2739 1228 capitulum,
2797 1152 2863 1212 in

401 1274 527 1335 quo
583 1255 751 1333 juste
812 1254 1090 1334 puniatis
1152 1254 1466 1314 cotidiana
1528 1254 1880 1315 commissa.
1993 1253 2255 1315 Intretis
2310 1255 2743 1316 dormitorium
2798 1262 2863 1318 et

399 1360 799 1422 refectorium
861 1358 1033 1420 horis
1095 1359 1277 1439 aptis,
1340 1359 1406 1418 in
1470 1358 1695 1438 quibus
1757 1379 1985 1438 corpus
2040 1361 2119 1418 ad
2174 1361 2725 1433 sustentacionem,
2782 1383 2863 1424 ne

403 1467 670 1536 deficiat,
727 1465 1053 1536 recreetis;
1117 1465 1542 1544 temperancia
1597 1471 1811 1525 tamen
1868 1486 2115 1545 semper
2169 1467 2441 1539 assistat,
2500 1488 2580 1529 ne
2635 1490 2711 1529 ex
2766 1490 2859 1531 re-

400 1573 696 1634 feccionis
758 1571 1190 1651 superfluitate
1259 1591 1403 1631 caro
1475 1571 1841 1642 recalcitret,
1906 1577 1969 1632 et
2038 1593 2177 1632 eam
2246 1573 2493 1634 deserat
2560 1575 2863 1638 fortitudo

399 1681 466 1740 in
508 1679 1034 1759 temptacionibus
1076 1679 1226 1738 dum
1270 1677 1552 1757 quiescit.
1657 1677 1752 1737 Ad
1794 1678 2201 1739 infirmariam
2236 1699 2383 1740 vero
2424 1680 2526 1741 ille
2568 1701 2643 1742 ex
2684 1683 2863 1745 vobis

400 1807 663 1867 quarum
721 1785 1010 1846 debilitas
1064 1785 1163 1845 vel
1219 1783 1552 1844 infirmitas
1608 1785 1670 1842 id
1733 1785 2032 1863 exposcit,
2096 1787 2441 1845 secundum
2511 1787 2860 1849 doctrinam

400 1892 703 1972 Apostoli,
763 1913 876 1971 pro
932 1891 1162 1952 solacio
1219 1895 1283 1950 et
1338 1889 1722 1950 infirmitatis
1784 1891 2061 1951 remedio
2118 1892 2477 1970 optinendis
2540 1896 2858 1955 accedant.

401 1999 716 2060 Maneatis
759 1999 982 2059 ceteris
1019 1998 1190 2059 horis
1228 1998 1294 2057 in
1332 1997 1638 2067 claustro;
1683 1997 1750 2056 in
1790 2017 1933 2077 quo,
1978 2003 2050 2057 ut
2090 1999 2493 2077 premittitur,
2532 2021 2863 2080 corporeos

402 2126 624 2167 sensus
665 2110 909 2166 vestros
958 2103 1282 2174 claudatis,
1332 2103 1753 2182 intelligentes
1800 2103 1967 2164 inter
2021 2123 2133 2164 vos
2188 2109 2253 2164 et
2308 2107 2612 2166 mundum
2668 2107 2861 2169 chaos

401 2231 697 2290 magnum
755 2231 892 2272 esse
946 2210 1301 2280 firmatum;
1372 2208 1699 2280 solumque
1756 2209 1963 2270 Deum
2034 2211 2265 2271 mentis
2330 2212 2526 2272 oculis
2582 2190 2860 2273 contemss

400 2319 665 2398 plantes,
711 2317 944 2396 aliquid
1000 2316 1077 2377 de
1133 2321 1346 2376 eterne
1395 2315 1523 2376 vite
1578 2314 1906 2375 dulcedine
1954 2317 2350 2395 pregustetiS.
2452 2318 2539 2377 Et
2579 2319 2861 2398 predicta

397 2425 534 2485 loca
589 2423 873 2503 personis
930 2422 1329 2492 secularibus,
1380 2425 1444 2482 et
1493 2421 1797 2500 religiosis
1845 2420 2341 2501 quibuscumque
2390 2423 2527 2484 aliis
2578 2445 2615 2484 a
2662 2424 2858 2497 vobis,

397 2551 594 2592 vacua
636 2529 866 2590 debent
908 2549 1063 2600 esse,
1108 2548 1188 2589 ne
1229 2549 1304 2589 ex
1347 2527 1658 2608 frequenti
1701 2528 2199 2599 conversacione,
2242 2528 2341 2589 vel
2384 2529 2608 2589 saltem
2650 2530 2861 2610 aliqua

399 2642 770 2706 exterorum,
815 2635 991 2715 quies
1033 2639 1242 2695 vestra
1283 2633 1382 2694 vel
1431 2633 1884 2713 contemplacio
1940 2632 2371 2712 perturbetur;
2429 2633 2623 2696 immo
2669 2637 2859 2716 (quod

396 2743 670 2803 deterius
727 2742 846 2821 est)
906 2760 1049 2800 cum
1105 2739 1340 2800 bonum
1396 2745 1460 2799 et
1515 2739 1751 2798 malum
1807 2739 1937 2799 sint
1991 2738 2357 2799 immediata
2410 2741 2739 2813 contraria,
2782 2763 2860 2803 ex

395 2870 520 2929 quo
590 2848 919 2909 abstinetis
989 2868 1026 2907 a
1094 2847 1276 2916 bon0‚
1341 2846 1724 2926 cogitacione
1787 2845 1953 2906 facili
2022 2847 2405 2908 vanitatibus
2475 2849 2859 2912 secularibus

396 2958 672 3017 inhiatis.
758 2956 853 3015 Ad
896 2956 1062 3015 dicta
1105 2961 1316 3014 tamen
1358 2953 1495 3015 loca
1538 2958 1880 3014 memorate
1920 2974 2185 3033 persone
2234 2974 2309 3014 ex
2353 2956 2702 3016 necessaria
2744 2978 2857 3018 seu

391 3064 562 3143 justa
604 3082 809 3131 causa,
852 3081 980 3121 non
1018 3061 1392 3139 frequenter,
1432 3060 1749 3130 accedant,
1793 3065 1891 3121 set
1932 3080 2070 3120 raro
2112 3065 2185 3120 ut
2224 3061 2402 3121 vobis
2434 3061 2533 3122 vel
2574 3068 2855 3123 vestrum

394 3169 581 3229 alicui
630 3169 1002 3248 eloquantur
1018 3187 1033 3238 ;
1078 3173 1142 3227 et
1183 3172 1336 3227 tunc
1377 3166 1549 3226 nulla
1590 3171 1889 3237 vestrum,
1934 3167 2055 3227 nisi
2098 3166 2436 3228 confitendi
2478 3189 2683 3239 causa,
2722 3170 2856 3230 sola

393 3276 724 3337 conveniat
773 3274 851 3334 ad
905 3273 1305 3354 loquendum,
1349 3277 1447 3333 set
1502 3292 1646 3332 cum
1695 3273 1865 3333 socia
1905 3272 2164 3352 probate
2203 3274 2521 3353 religionis
2562 3282 2627 3335 et
2668 3276 2851 3349 fame,

392 3400 514 3459 que
569 3380 851 3440 omnium
907 3398 1122 3439 eorum
1178 3398 1298 3458 que
1354 3377 1506 3438 inibi
1562 3378 1857 3438 dicuntur
1904 3384 1967 3439 et
2022 3378 2184 3439 fiunt
2226 3380 2429 3441 valeat
2470 3401 2608 3442 esse
2650 3383 2851 3444 testis.

393 3485 490 3545 Ad
532 3486 810 3546 officinas
853 3490 1064 3545 autem
1107 3484 1210 3545 ille
1252 3504 1327 3544 ex
1367 3483 1544 3545 vobis
1587 3483 1813 3563 quibus
1855 3504 1929 3545 ex
1972 3484 2190 3545 officiis
2232 3486 2419 3547 certis
2451 3485 2518 3546 id
2550 3489 2853 3567 competit

393 3596 658 3669 possunt
693 3589 1002 3661 accedere,
1033 3610 1176 3649 cum
1219 3588 1383 3649 bona
1423 3594 1586 3650 teste
1627 3594 1698 3649 ut
1740 3590 2143 3668 premittitur,
2174 3596 2239 3651 et
2279 3612 2407 3651 non
2449 3593 2595 3654 sole.
2683 3595 2853 3657 Loca

394 3718 540 3759 vero
590 3704 796 3758 cetera
838 3716 876 3756 a
915 3695 1239 3775 premissis
1281 3695 1456 3755 vobis
1497 3696 1802 3774 reputetis
1844 3695 2098 3774 penitus
2140 3696 2489 3769 interdicta,
2518 3699 2641 3759 nisi
2683 3702 2851 3780 quod

392 3804 554 3864 infra
597 3810 774 3883 septa
815 3801 1008 3863 vestri
1057 3801 1316 3862 Cenobii
1363 3801 1835 3880 processionum
1876 3801 2247 3881 sollempnia
2288 3802 2513 3863 debitis
2554 3806 2849 3885 tempori-

396 3911 510 3971 bus
552 3910 829 3979 faciatis;
874 3912 938 3969 et
979 3908 1203 3967 amodo
1237 3907 1650 3986 processionis
1685 3926 1875 3967 causa
1908 3906 2007 3966 vel
2040 3907 2161 3966 alia
2189 3912 2468 3968 vestrum
2503 3908 2847 3970 Cenobium

391 4017 749 4077 nullatenus
791 4014 1047 4084 exeatis,
1077 4013 1199 4074 nisi
1242 4013 1496 4073 evidens
1538 4013 1881 4073 necessitas
1924 4017 2034 4072 aut
2072 4012 2315 4073 utilitas
2354 4014 2475 4074 hoc
2516 4015 2849 4078 manifeste

391 4123 685 4192 suadeat;
743 4126 808 4181 et
851 4126 1004 4181 tunc
1052 4119 1343 4199 que⁰exit
1391 4124 1569 4179 exeat
1611 4137 1755 4177 cum
1800 4117 2150 4197 Superioris
2191 4117 2468 4189 licencia,
2512 4126 2577 4181 et
2618 4120 2845 4182 bonam

390 4228 617 4290 habeat
659 4228 954 4288 comitem
995 4230 1224 4286 testem
1274 4244 1506 4285 secum.
1610 4224 1772 4285 Sane
1816 4224 1987 4284 zelus
2028 4222 2189 4285 bone
2230 4224 2547 4304 religionis
2587 4231 2652 4287 et
2692 4228 2844 4287 cari-

391 4336 542 4395 tatis
589 4334 818 4404 unitas,
863 4352 1020 4413 quos
1068 4332 1135 4391 in
1183 4335 1402 4391 nostra
1440 4329 1824 4392 Visitacione
1872 4330 2039 4409 apud
2080 4350 2193 4390 vos
2235 4330 2441 4409 vigere
2481 4332 2845 4410 reperimus,

388 4440 693 4503 letificant
741 4459 857 4499 nos
901 4438 965 4498 in
1018 4437 1307 4507 Christo;
1365 4435 1764 4497 obsecrantes
1812 4435 2021 4515 ipsum
2069 4456 2183 4514 pro
2224 4435 2401 4496 vobis
2441 4438 2737 4517 quatinus
2779 4439 2846 4497 in

388 4548 722 4610 vocacione
783 4565 905 4625 qua
969 4544 1122 4605 estis
1176 4548 1394 4603 vocate
1455 4542 1639 4621 digne
1700 4532 1910 4602 coram
1966 4541 2240 4602 Domino
2300 4540 2649 4613 ambuletis,
2701 4564 2845 4603 cum

388 4655 562 4716 omni
631 4652 1004 4722 humilitate,
1074 4649 1410 4730 paciencia,
1474 4648 1974 4719 mansuetudine,
2038 4646 2439 4726 benignitate,
2499 4648 2843 4720 modestia;

390 4762 562 4842 pacis
604 4758 872 4829 vincu10,
916 4756 1194 4817 caritatis
1238 4756 1497 4825 unitate,
1547 4759 1611 4816 et
1667 4774 1778 4833 spe
1828 4753 2262 4814 retribucionis
2302 4752 2651 4814 voluntarie
2691 4774 2841 4833 pau-

390 4866 652 4946 pertatis
697 4863 964 4923 invicem
1014 4866 1476 4941 supportantes,
1519 4866 1583 4921 et
1631 4860 1836 4920 carnis
1878 4878 2084 4938 opera,
2134 4878 2256 4938 que
2298 4863 2447 4919 sunt
2488 4858 2841 4932 fornicacio,
