3619 5868
1241 521 1541 600 Episcopi
1595 521 2079 602 Heresordensis.
2777 522 2893 583 149

431 747 570 808 loco
611 756 675 808 et
717 752 998 826 tempore
1038 766 1150 825 per
1195 745 1313 807 Dei
1353 746 1626 825 graciam
1669 746 2056 807 intendimus
2100 746 2407 821 ordinare.
2493 748 2634 824 Quo
2673 748 2889 828 itaque

429 853 720 914 ordinato
773 852 929 912 illud
990 872 1102 932 per
1163 853 1406 913 litteras
1477 859 1726 913 nostras
1788 852 2144 913 faciendum
2215 853 2393 914 vobis
2460 852 2751 915 dabimus
2821 855 2888 914 in

431 957 768 1018 mandatis.
881 957 1020 1016 Ista
1075 961 1286 1016 autem
1345 975 1466 1036 que
1524 956 1704 1017 vobis
1773 957 2103 1017 scribimus
2149 956 2216 1016 in
2278 957 2556 1036 presenti
2612 977 2891 1018 unacum

431 1062 571 1123 aliis
611 1061 997 1142 regularibus
1044 1061 1463 1122 observanciis
1503 1062 1834 1141 diligenter
1876 1068 1938 1121 et
1981 1061 2249 1122 fideliter
2290 1062 2653 1134 observetis,
2685 1063 2751 1122 in
2797 1083 2891 1124 re·

431 1171 796 1230 missionem
837 1173 1238 1248 peccatorum
1280 1181 1650 1239 vestrorum,
1700 1188 1844 1228 cum
1889 1168 2329 1229 benediccione
2375 1168 2495 1230 Dei
2540 1175 2604 1228 et
2648 1177 2886 1230 nostra.

429 1274 735 1336 Valeatis.
822 1275 1064 1334 Datum
1107 1272 1278 1352 apud
1320 1272 1615 1335 Castrum
1655 1273 1972 1353 Episcopi,
2010 1273 2091 1351 vij
2135 1273 2457 1334 Kalendas
2496 1274 2891 1348 Novembris,

433 1380 853 1441 Pontificatus
909 1379 1107 1439 nostri
1159 1381 1374 1457 [anno]
1420 1379 1526 1457 iij0·

432 1631 586 1706 Auq.
643 1632 700 1699 2,
757 1625 1318 1687 1277.—Mandate
1376 1633 1433 1686 to
1491 1626 1588 1686 the
1642 1627 1849 1686 Dcans
1891 1627 1962 1704 os
2011 1626 2107 1686 the
2154 1627 2407 1687 Diocese
2458 1633 2514 1687 to
2561 1647 2736 1686 warn
2792 1627 2891 1687 the

679 1707 969 1785 beneficed
1021 1707 1219 1784 clerqy
1267 1713 1373 1767 not
1419 1713 1476 1767 to
1523 1713 1680 1767 shore
1731 1705 1890 1766 their
1930 1707 2130 1785 fruits
2184 1728 2265 1768 on
2310 1707 2482 1768 other
2529 1707 2681 1767 than
2726 1707 2890 1786 ylebc

679 1789 845 1859 land,
891 1788 962 1847 in
1002 1787 1178 1848 order
1220 1794 1277 1848 to
1318 1788 1501 1848 evade
1541 1787 1977 1848 ecclesiastical
2016 1788 2331 1848 distraint.

597 1945 894 2016 Thomas,
939 1948 1081 2015 etc„
1134 1943 1408 2004 Decanis
1462 1942 1770 2003 universis
1825 1962 1936 2022 per
1992 1943 2521 2005 Herefordensem
2575 1943 2896 2024 dyocesim

431 2051 795 2113 constitutis
837 2051 1129 2121 salutem,
1173 2054 1294 2110 etc.
1406 2049 1504 2108 Ex
1554 2050 1757 2109 relatu
1808 2048 2262 2128 fidedignorum
2311 2070 2510 2129 nuper
2557 2050 2893 2112 didicimus

431 2158 834 2238 competenti,
885 2156 1053 2238 quod
1105 2155 1388 2216 nonnulli
1443 2153 1796 2215 beneficiati
1856 2161 2202 2216 vestrorum
2252 2155 2674 2217 decanatuum
2730 2156 2893 2225 deci-

430 2285 570 2326 mas
629 2262 1032 2324 ecclesiarum
1093 2280 1350 2320 suarum
1407 2266 1589 2320 extra
1651 2261 1852 2321 solum
1914 2266 1977 2320 et
2040 2260 2418 2321 territorium
2482 2262 2889 2322 ecclesiarum

432 2389 710 2440 suarum,
755 2367 1062 2429 tradendo
1113 2385 1221 2427 eas
1263 2366 1467 2426 laicali
1510 2367 1835 2444 potestati,
1881 2373 1944 2426 et
1988 2367 2372 2446 aliquociens
2414 2367 2740 2429 vendendo
2784 2387 2896 2428 seu

432 2477 590 2537 alias
638 2473 1071 2553 multipliciter
1116 2471 1466 2550 obligandO,
1515 2473 1579 2531 in
1623 2472 1933 2532 ordinarie
1973 2472 2430 2551 jurisdiccionis
2473 2473 2888 2551 prejudicium

433 2584 705 2644 alienare
787 2588 850 2642 et
921 2599 1207 2641 amovere
1271 2599 1398 2639 non
1466 2591 1782 2651 verentur,
1848 2587 1920 2640 ut
1984 2599 2058 2640 eo
2119 2579 2375 2641 liberius
2438 2581 2898 2642 ecclesiasticas

433 2689 884 2758 districciones‚
929 2692 1062 2747 tam
1114 2685 1486 2746 auctoritate
1532 2685 1922 2764 superiorum
1964 2705 2156 2766 quam
2199 2692 2433 2757 nostra,
2480 2686 2611 2747 suis
2654 2686 2896 2748 meritis

433 2794 842 2874 exigentibuS,
886 2791 1204 2852 faciendas
1248 2811 1463 2851 eorum
1504 2791 1738 2870 judicio
1779 2792 2053 2862 valeant,
2099 2797 2165 2852 ut
2212 2791 2586 2864 audivimus,
2632 2793 2891 2853 evitare.

431 2901 518 2963 Et
586 2900 734 2982 quia
802 2896 1111 2978 premissa
1177 2896 1466 2975 exemplo
1533 2895 1883 2976 perniciosa
1952 2901 2120 2969 sunt,
2198 2901 2261 2957 et
2339 2895 2405 2955 in
2485 2896 2682 2957 nostri
2758 2914 2895 2975 pre-

429 3007 734 3087 judicium
811 3023 938 3064 non
1006 3003 1342 3075 modicum,
1413 3010 1485 3063 ut
1555 3003 1889 3074 credimus,
1962 3003 2173 3082 sepius
2244 3008 2645 3083 attemptata,
2720 3003 2898 3064 vobis

434 3112 724 3173 omnibus
786 3118 849 3171 et
913 3108 1173 3188 singulis
1235 3109 1610 3169 mandamus
1680 3108 1943 3169 firmiter
2001 3108 2405 3187 injungentes
2466 3108 2767 3187 quatinus
2828 3108 2897 3168 in

433 3218 713 3280 ecclesiis
768 3222 1119 3278 vestrorum
1167 3217 1590 3276 decanatuum
1637 3215 1979 3276 inhibeatis
2028 3215 2273 3294 publice
2319 3222 2383 3275 et
2440 3215 2891 3294 sollempniter,

431 3326 566 3385 vice
608 3328 842 3394 nostra,
887 3320 1004 3381 sub
1052 3340 1217 3400 pena
1258 3320 1557 3381 canonice
1599 3319 2036 3392 districcionis,
2084 3339 2162 3380 ne
2206 3320 2361 3380 talia
2406 3319 2503 3379 vel
2544 3320 2898 3381 consimilia

430 3450 542 3509 per
582 3446 1008 3509 quoscumque
1051 3427 1116 3486 in
1172 3431 1494 3505 posterum
1544 3426 1943 3505 aliquatenus
1990 3431 2445 3505 perpetrentur.
2550 3424 2639 3485 Et
2689 3427 2742 3486 si
2790 3426 2898 3507 qui

435 3556 590 3596 ausu
644 3535 976 3595 temerario
1032 3539 1250 3594 contra
1306 3533 1473 3595 hanc
1519 3540 1802 3594 nostram
1847 3533 2293 3593 inhibicionem
2344 3531 2548 3593 facere
2598 3539 2894 3613 attempt·

435 3642 698 3711 averint,
733 3640 973 3699 fructus
1006 3638 1412 3700 ecclesiarum
1451 3659 1725 3710 suarum,
1768 3640 1891 3699 alio
1930 3638 2230 3698 mandato
2270 3644 2487 3699 nostro
2527 3638 2892 3701 nullatenus

435 3750 788 3825 expectato,
849 3745 1230 3824 sequestrari
1287 3744 1533 3805 faciatis
1591 3745 1869 3805 indilate.
1984 3743 2330 3805 Tradentes
2392 3744 2606 3825 itaque
2677 3752 2741 3805 et
2803 3765 2897 3806 re-

435 3852 738 3931 cipientes
776 3851 1016 3910 fructus
1053 3850 1512 3911 ecclesiasticos
1550 3852 1754 3911 modis
1793 3850 2167 3929 supradictis
2205 3851 2428 3928 punire
2464 3858 2527 3909 et
2568 3850 2897 3913 cohercere

435 3958 839 4030 intendimus,
887 3955 1161 4015 Domino
1208 3955 1608 4027 concedente,
1659 3962 1972 4037 quatenus
2020 3956 2274 4034 justicia
2322 3955 2611 4017 suadebit
2656 3964 2719 4017 et
2771 3956 2897 4017 dic-

435 4063 594 4123 tabit
635 4061 787 4121 ordo
826 4060 1002 4140 juris.
1118 4061 1358 4120 Datum
1412 4062 1577 4140 apud
1637 4062 1918 4141 Sugwas,
1976 4062 2062 4140 iiij
2118 4062 2337 4123 Nonas
2390 4062 2674 4140 Augusti,
2729 4081 2897 4122 anno

437 4169 694 4229 Domini
745 4167 1249 4229 M⁰GG⁰LXX=²2
1292 4168 1580 4248 septimo.
1694 4168 1792 4228 De
1842 4170 2183 4248 sequestris
2234 4173 2447 4228 autem
2498 4168 2895 4248 supradictis,

434 4293 580 4334 cum
621 4293 732 4353 per
772 4292 884 4334 vos
926 4273 1094 4334 facta
1134 4273 1388 4344 fuerint,
1433 4292 1548 4334 nos
1590 4272 1976 4353 quamcicius
2018 4273 2297 4333 reddatis
2339 4273 2662 4334 cerciores.

442 4524 568 4584 Oct.
610 4522 921 4583 29.—The
975 4524 1191 4602 charqe
1246 4524 1316 4603 of
1365 4523 1462 4584 the
1513 4524 1802 4601 Vicarayc
1856 4524 1926 4602 of
1960 4523 2317 4583 Bode‘nham
2356 4522 2411 4582 is
2454 4522 2798 4583 committed
2841 4532 2900 4585 to

678 4603 960 4663 Richard
1013 4605 1088 4664 de
1148 4605 1514 4683 Tardebiqqe
1546 4606 1654 4684 for
1693 4604 1793 4665 six
1841 4604 2080 4665 months
2123 4625 2203 4664 on
2244 4604 2342 4664 the
2376 4604 2796 4683 presentation
2836 4606 2907 4684 of

681 4684 778 4744 the
818 4684 1006 4745 Prior
1045 4686 1170 4745 and
1217 4686 1483 4746 Convent
1523 4686 1590 4765 of
1627 4687 1877 4746 Brecon.
1963 4686 2260 4745 Mandata
2300 4692 2364 4764 os
2406 4684 2746 4745 induction.

599 4841 1374 4913 Romamn—Thomas,
1446 4851 1591 4913 etc„
1663 4842 1965 4921 magistro
2024 4840 2293 4901 Ricardo
2356 4840 2431 4899 de
2496 4838 2895 4919 Terdebigge,

439 4922 780 5001 capellano,
853 4922 1144 4996 salutem,
1215 4930 1332 4984 etc.
1447 4923 1762 4985 Vicariam
1834 4923 1913 4983 de
1980 4921 2332 4993 Bodeham,
2390 4920 2471 4981 ad
2533 4940 2725 5000 quam
2787 4941 2900 5001 per
