3619 5868
716 449 833 508 152
1373 448 1731 527 Reqistrwm
1789 449 2008 510 Thome
2061 449 2135 510 de
2194 449 2525 529 Cantilupo

707 699 863 759 Nov.
906 699 1386 759 20.——Mandate
1430 706 1487 760 ιο
1531 699 1628 759 tha
1674 699 1915 776 Official
1956 706 2013 758 ιο
2056 698 2272 759 induet
2318 699 2557 759 Gilbert
2597 699 2671 759 de
2712 699 3001 760 Bornhizz
3033 719 3172 778 pre-

949 780 1272 920 ffntcdb-uby
1319 780 1529 840 Osbcrt
1569 780 1642 840 de
1683 780 2007 858 Avenbury
2052 786 2109 840 ιο
2154 780 2251 840 the
2291 780 2543 858 custody
2574 781 2644 859 of
2680 780 2777 840 the
2823 779 3067 841 Charch
3108 780 3183 860 of

1007 881 1118 920 ven
1200 881 1291 939 ry.

411 1055 511 1098 μοι,
537 1054 633 1097 ηδ.
883 1027 1208 1089 CnsmomA
1275 1045 1592 1088 nccnnsm
1668 1045 1755 1088 mr
1828 1027 2634 1098 Amantiam—Thomas,
2699 1036 2845 1099 etc.,
2909 1027 3175 1089 officiali

713 1151 830 1193 suo
890 1133 1182 1193 salutem.
1271 1132 1580 1208 Quoniam
1624 1133 1925 1212 magistro
1968 1133 2253 1195 Gilberto
2302 1133 2379 1194 de
2420 1133 2787 1206 Bornhulle,
2838 1134 3019 1195 nobis
3063 1153 3177 1214 per

719 1238 1044 1299 dominum
1119 1239 1456 1300 Osbertum
1527 1239 1604 1299 de
1661 1239 2055 1319 Avenebury,
2113 1259 2329 1300 verum
2391 1245 2729 1319 patronum
2786 1239 3045 1302 ecclesie
3098 1240 3179 1301 de

713 1345 1112 1422 Avenebury.
1199 1345 1281 1406 ad
1370 1345 1636 1406 eandem
1724 1351 2105 1424 presentato,
2198 1345 2550 1406 custodiam
2637 1345 2923 1425 ejusdem
3008 1365 3174 1406 com-

713 1451 1090 1523 miserimuS,
1156 1451 1334 1512 vobis
1403 1452 1777 1513 mandamus
1847 1453 2144 1532 quatinus
2211 1451 2564 1530 predictum
2629 1452 3007 1524 Gilbertum,
3066 1471 3178 1532 per

717 1558 1197 1618 Procuratorem
1257 1578 1462 1630 suum,
1514 1578 1700 1638 quem
1757 1565 1939 1637 pater
1992 1558 2190 1638 ipsius
2246 1558 2568 1641 G[ilberti]
2634 1559 2879 1619 duxerit
2932 1559 3173 1618 nomin-

722 1665 979 1735 andum,
1040 1665 1102 1723 in
1161 1663 1548 1743 corporalem
1616 1665 2076 1743 possessionem
2134 1665 2417 1725 custodie
2474 1665 2716 1743 prefate
2770 1665 3029 1726 ecclesie
3081 1666 3173 1724 in-

715 1769 989 1841 ducatis,
1051 1775 1114 1830 et
1170 1770 1523 1831 defendatis
1581 1769 1931 1830 inductum.
2036 1771 2339 1832 Valeatis.
2441 1772 2678 1832 Datum
2739 1772 2905 1851 apud
2965 1772 3173 1833 Whel-

709 1875 930 1947 bache,
974 1876 1057 1954 xij
1119 1877 1442 1936 Kalendas
1498 1875 1884 1937 Decembris,

709 2172 864 2232 Nov.
923 2170 1233 2230 20.—-le
1290 2169 1731 2248 sequestration
1797 2170 1868 2248 of
1932 2170 2027 2229 the
2071 2169 2270 2249 fruits
2327 2176 2389 2249 ο]
2460 2171 2731 2231 Michael
2784 2171 2857 2232 de
2914 2171 3173 2242 Kendal,

955 2251 1177 2311 Rector
1217 2252 1287 2329 os
1320 2251 1514 2310 Little
1555 2251 1806 2320 Marcle,
1850 2271 1975 2310 was
2018 2252 2299 2310 released.

882 2421 1360 2482 Memorandum
1404 2421 1570 2500 quod
1612 2420 1697 2498 xij
1746 2419 2070 2481 Kalendas
2113 2420 2481 2482 Decembris
2523 2422 2828 2482 relaxavit
2867 2397 3179 2482 Dominus

727 2533 1124 2609 sequestrum
1179 2527 1620 2606 interpositum
1678 2529 1742 2586 in
1799 2527 2106 2588 fructibus
2165 2528 2492 2588 Michaelis
2538 2528 2617 2589 de
2673 2527 2980 2599 Kendale,
3020 2529 3176 2589 Bec-

705 2637 862 2697 toris
905 2635 1166 2696 ecclesie
1207 2634 1286 2694 de
1329 2635 1531 2694 Parva
1575 2634 1834 2694 Marcle.

712 2945 858 3005 Dec.
903 2944 1342 3003 4.—Mcmdate
1400 2950 1456 3003 ιο
1516 2943 1612 3002 the
1667 2942 1846 3001 Deam
1888 2943 1956 3020 os
1990 2941 2368 3017 Pontesbury
2414 2948 2471 3001 ιο
2512 2941 2628 3001 cite
2670 2941 2861 3018 aqaz'n
2904 2940 3000 3000 the
3033 2960 3175 3019 por·

961 3024 1206 3085 tionis-ts
1249 3026 1319 3103 of
1367 3024 1764 3100 Pontesbury,
1822 3023 1953 3082 who
2000 3023 2147 3082 have
2190 3022 2395 3101 failed
2443 3030 2500 3082 ιο
2542 3042 2775 3081 answer
2818 3030 2875 3083 to
2920 3022 3016 3081 the
3059 3022 3177 3081 last

951 3126 1275 3165 summons.

884 3272 1144 3333 Conna
1199 3287 1660 3332 Poacmnamos
1710 3289 1796 3330 DE
1851 3270 2685 3342 hammum—Thomas,
2730 3276 2873 3341 etc„
2920 3270 3178 3331 Decano

713 3379 792 3440 de
838 3377 1210 3456 Pontesbiry
1255 3378 1546 3447 salutem,
1593 3384 1710 3436 etc.
1815 3375 2213 3456 Quamquam
2270 3377 2692 3455 porcionarios
2740 3378 2999 3437 ecclesie
3040 3397 3174 3456 pre-

719 3484 888 3545 dicte
927 3484 1004 3543 de
1044 3482 1439 3561 Pontesbury
1475 3501 1660 3560 super
1697 3482 2059 3560 pluralitate
2098 3481 2541 3542 beneficiorum
2581 3489 2644 3542 et
2684 3482 2823 3542 aliis
2862 3483 3177 3543 nonnullis

718 3590 1067 3651 defectibus
1122 3598 1185 3648 et
1243 3587 1606 3648 criminibus
1663 3588 2010 3647 faceremus
2066 3587 2149 3647 ad
2204 3597 2486 3648 nostram
2536 3588 2924 3667 presenciam
2968 3588 3179 3668 sepius

714 3696 963 3757 evocari
995 3718 1013 3771 ;
1077 3695 1266 3756 iidem
1325 3702 1541 3756 tamen
1583 3694 1957 3773 porcionarii
2012 3694 2078 3753 in
2121 3694 2321 3754 nostri
2361 3701 2809 3774 contemptum,
2856 3704 2927 3754 ut
2969 3714 3175 3774 spera-

719 3802 981 3883 [vi'lmus
1031 3802 1338 3862 hactenus
1387 3820 1764 3879 comparere,
1819 3800 1895 3860 de
1952 3819 2076 3881 quo
2130 3802 2451 3871 miramur,
2511 3821 2636 3861 non
2694 3805 3034 3872 curarunt;
3090 3809 3173 3870 et,

725 3910 872 3971 licet
923 3908 1266 3969 secundum
1317 3908 1654 3985 [effectum]
1703 3908 1930 3967 statuti
1980 3907 2133 3966 editi
2185 3926 2384 3985 nuper
2430 3907 2723 3987 Lugduni
2778 3908 2842 3965 in
2897 3906 3180 3968 Concilio

722 4015 1036 4085 Generali,
1102 4033 1320 4074 omnes
1376 4012 1701 4091 porciones
1755 4014 1822 4072 in
1878 4013 2047 4073 dicta
2105 4012 2371 4073 ecclesia
2432 4013 2509 4073 de
2562 4013 2699 4092 jure
2751 4015 3177 4091 potuissemus

717 4126 1016 4181 vacantes
1057 4118 1283 4179 merito
1325 4119 1757 4195 pronunciare,
1798 4124 1862 4178 et
1897 4118 2068 4197 ipsos
2106 4127 2409 4198 tanquam
2448 4119 2697 4179 illicitos
2737 4120 3096 4179 detentores
3138 4139 3177 4179 a

715 4225 887 4286 dicta
943 4224 1206 4285 ecclesia
1262 4224 1726 4285 sentencialiter
1783 4244 2111 4297 amovere3
2178 4216 2461 4285 volentes
2517 4225 2738 4285 micius
2794 4244 2977 4305 agere
3032 4245 3176 4286 cum

720 4331 980 4402 eisdem,
1027 4330 1200 4391 vobis
1249 4330 1477 4391 iterato
1530 4331 1905 4391 mandamus
1947 4331 2243 4410 quatinus
2288 4331 2535 4392 eosdem
2579 4332 3000 4410 porcionarios
3040 4352 3174 4410 per-

719 4437 1024 4515 emptorie
1075 4437 1283 4497 citetis
1352 4436 1516 4516 quod
1566 4442 1969 4515 compareant
2018 4455 2226 4496 coram
2277 4436 2476 4507 nobie,
2526 4437 2811 4508 Officiali,
2856 4457 2967 4497 seu
3010 4456 3174 4497 com-

718 4543 1024 4605 missariis
1100 4544 1351 4613 nostris,
1425 4544 1488 4601 in
1559 4542 1768 4621 vigilia
1837 4543 2023 4603 Beati
2093 4542 2352 4614 Thome,
2446 4543 2747 4622 Apostoli.
2818 4544 2883 4604 in
2952 4542 3177 4623 majori

717 4650 1008 4710 Ecclesia
1057 4648 1524 4719 Herefordensi,
1570 4650 2079 4727 dispensaciones
2122 4651 2175 4709 si
2216 4669 2371 4729 quas
2414 4650 2691 4710 habeant
2734 4651 3066 4721 ostensuri,
3111 4658 3175 4711 et

720 4775 909 4835 super
977 4754 1137 4825 aliis,
1183 4760 1350 4827 etc.;
1422 4754 1877 4816 denunciantes
1947 4756 2181 4816 eisdem
2250 4756 2437 4835 quod,
2498 4757 2628 4816 sive
2695 4757 2982 4818 venerint
3044 4756 3173 4816 sive

717 4882 866 4933 non,
931 4860 1304 4939 procedetur
1359 4841 1579 4921 contra
1633 4862 1802 4941 ipsos
1859 4862 2201 4923 secundum
2260 4862 2427 4943 quod
2482 4864 2560 4923 de
2614 4862 2751 4941 jure
2808 4863 2993 4923 fuerit
3035 4882 3172 4942 pro-
