3619 5868
1169 531 1469 611 Episcopi
1523 530 1596 590 H
1592 531 2003 611 erefordcnsis.
2735 532 2811 591 31

353 757 531 837 byry,
592 757 741 837 quia
800 756 838 817 J
843 757 1126 817 ohannes
1187 756 1266 817 de
1327 755 1708 827 Penebroke,
1765 756 2000 816 Rector
2054 755 2353 834 ejusdem,
2411 756 2490 816 ad
2548 756 2817 819 Ordines

353 862 704 925 celebratos
766 863 932 943 apud
995 861 1322 941 Ledebyry
1384 866 1643 922 vocatus
1705 881 1835 921 non
1891 862 2083 922 venit.
2188 861 2555 923 Reservavit
2618 861 2817 922 eciam

352 968 477 1029 sibi
518 988 748 1047 penam
789 966 1193 1047 infligendam
1235 967 1404 1027 dicto
1444 967 1722 1028 ,Iohanni
1764 986 1879 1046 pro
1922 968 2317 1027 contumacia
2358 967 2735 1047 supradicta.

353 1210 506 1271 Jan.
551 1210 819 1271 9.—The
873 1208 1110 1289 Bishop
1171 1210 1242 1289 of
1296 1208 1587 1269 Norwich
1643 1208 1698 1269 is
1762 1208 1835 1268 in
1862 1208 2064 1269 ormcd
2129 1209 2263 1269 that
2321 1208 2392 1268 in
2448 1207 2821 1287 compliance

599 1290 754 1351 with
797 1290 894 1351 his
939 1291 1138 1351 letters
1180 1290 1509 1368 dimissory
1547 1289 1788 1350 Richar
1872 1290 1945 1351 dc
1979 1289 2323 1367 Kimberlcy
2357 1310 2483 1349 was
2521 1288 2821 1349 ordaincd

601 1372 943 1433 subdeacon
981 1392 1062 1432 on
1101 1372 1327 1431 Embcr
1370 1371 1686 1449 Saturday
1729 1370 1925 1449 before
1972 1370 2316 1431 Christmas
2363 1370 2482 1431 last
2515 1377 2681 1449 past.

523 1527 600 1587 R.
643 1544 731 1586 mr
783 1525 1653 1587 Krunsunnn.—Venerabili
1709 1525 1876 1606 patri
1932 1526 1999 1584 in
2055 1525 2327 1597 Christe,
2373 1525 2647 1586 Domino
2703 1524 2827 1586 Dei

357 1632 570 1712 gracia
652 1632 968 1712 Episcopo
1051 1631 1460 1703 Norwicensi‚
1545 1630 1644 1691 vel
1733 1631 1871 1711 ejus
1961 1630 2244 1702 Officiali,
2328 1630 2620 1702 Thomas,
2704 1636 2824 1691 etc.

359 1739 684 1799 Noveritis
751 1758 886 1809 nos,
957 1738 1260 1817 inspectis
1328 1737 1557 1797 litteris
1619 1737 1847 1797 vestris
1916 1736 2287 1797 dimissoriis
2357 1736 2585 1796 dilecto
2644 1734 2826 1795 nobis

359 1844 632 1903 Ricardo
690 1843 766 1904 de
828 1842 1206 1921 Kyneburle,
1267 1842 1509 1913 clericO,
1582 1841 1848 1902 diocesis
1916 1846 2141 1912 vestre,
2212 1840 2545 1913 concessis,
2617 1841 2827 1921 ipsum

359 1950 721 2021 Ricardum,
792 1950 892 2009 die
963 1948 1220 2009 Sabbati
1287 1949 1572 2029 proxima
1641 1952 1912 2028 quatuor
1968 1952 2323 2028 temporum
2386 1953 2533 2009 ante
2596 1947 2827 2009 Natale

359 2054 621 2115 Domini
669 2054 1058 2134 preteritum,
1111 2053 1564 2115 subdiaconum
1610 2054 1951 2114 ordinasse.
2057 2054 2145 2114 Et
2193 2053 2333 2115 ideo
2380 2036 2827 2134 paternitatem

357 2166 640 2222 vestram
696 2161 920 2220 devote
975 2179 1269 2238 rogamus
1325 2159 1624 2239 quatinus
1672 2159 1912 2219 dictum
1956 2159 2295 2219 Ricardum
2335 2160 2719 2239 permittatis
2760 2160 2829 2219 in

359 2272 574 2327 vestra
621 2266 852 2327 diocesi
909 2266 975 2325 in
1031 2266 1517 2327 subdiaconatus
1573 2266 1789 2327 ordine
1846 2266 2220 2327 ministrare.
2323 2266 2403 2326 In
2459 2267 2657 2347 cujus,
2707 2273 2828 2327 etc.
2934 2256 2941 2263 ’

361 2372 606 2433 Datum
647 2372 814 2451 apud
858 2371 1234 2443 Lamburne,
1277 2392 1318 2431 v
1360 2372 1515 2432 Idus
1557 2372 1596 2431 J
1599 2372 1859 2442 anuarii,
1906 2392 2071 2432 anno
2114 2372 2491 2451 supradicto.

359 2604 512 2665 Jan.
555 2608 653 2664 20.
657 2603 979 2664 —Fourth
1027 2603 1200 2663 letter
1255 2610 1313 2663 to
1369 2602 1678 2681 Llewclyn
1725 2603 1951 2682 uryinq
1997 2602 2355 2665 restitution
2404 2604 2475 2683 of
2516 2604 2614 2665 the
2666 2605 2829 2666 three

605 2684 880 2763 villaqes,
919 2704 998 2745 no
1040 2704 1276 2745 answcr
1317 2684 1546 2762 haviny
1587 2684 1729 2745 been
1767 2704 1948 2763 ywen
1990 2692 2048 2746 to
2093 2684 2189 2745 his
2231 2684 2499 2765 appcals,
2542 2686 2828 2747 notwith-

606 2766 900 2845 standing
945 2765 1042 2826 thc
1083 2764 1384 2845 spiritual
1422 2764 1586 2825 riske
1628 2765 1934 2827 incurrcd.

527 2921 828 2981 Pamcmt
901 2920 1174 2980 wama
1182 2919 1523 2981 .—Illustri
1591 2920 1743 2992 viro,
1809 2920 2012 2983 amico
2081 2922 2146 2981 in
2218 2921 2489 2993 christo,
2555 2923 2833 2986 Domino

359 3029 418 3088 L
435 3028 696 3107 [culino]
717 3073 731 3098 ,
795 3027 1073 3106 Principi
1137 3027 1359 3088 Wallie
1427 3031 1492 3087 et
1561 3027 1839 3088 Domino
1910 3027 2287 3099 Snaudonie,
2352 3028 2639 3100 salutem,
2708 3034 2829 3090 etc.

359 3135 588 3212 Reges,
644 3151 852 3212 regna,
909 3131 1424 3212 principatusque
1481 3132 1815 3194 distinctos
1865 3133 1930 3192 in
1980 3137 2147 3194 terra
2195 3133 2497 3214 Princeps
2546 3135 2831 3194 omnium

358 3259 504 3302 esse
559 3238 759 3299 voluit
814 3243 878 3299 et
931 3238 1238 3317 permisit,
1283 3242 1355 3297 ut
1408 3239 1511 3317 jus
1568 3257 1752 3298 suum
1808 3239 2035 3318 cuique
2090 3237 2439 3300 tribuentes
2498 3239 2831 3300 Summum

359 3345 724 3424 Principem
774 3342 1098 3404 inferiores
1147 3363 1546 3422 summopere
1602 3344 2001 3404 honorarent.
2103 3344 2277 3404 Hinc
2318 3349 2415 3406 est
2457 3346 2641 3424 quod,
2688 3365 2831 3406 cum

361 3451 785 3514 Serenitatem
835 3454 1109 3511 vestram
1165 3449 1404 3509 dudum
1444 3449 1679 3510 nostris
1727 3448 1957 3510 litteris
2005 3449 2349 3511 affectuose
2399 3451 2689 3512 duximus
2738 3471 2831 3513 re-

359 3559 735 3640 quirendam
789 3562 862 3617 ut
917 3555 1282 3626 Ohastroke,
1343 3555 1598 3627 Astone,
1656 3563 1719 3616 et
1775 3557 2116 3628 Moletone,
2174 3557 2354 3618 villas
2413 3558 2492 3618 ad
2554 3564 2833 3620 castrum

359 3669 655 3724 nostrum
712 3667 776 3722 et
831 3661 1092 3722 ecclesie
1147 3667 1362 3722 nostre
1410 3662 1488 3723 de
1529 3662 1991 3742 Nortledebyry
2038 3661 2446 3742 pertinenteS,
2497 3682 2654 3742 quas
2704 3663 2830 3735 diu,

359 3789 494 3830 non
555 3768 694 3830 sine
751 3767 958 3828 anime
1016 3773 1222 3828 vestre
1283 3767 1576 3847 periculo,
1637 3769 1931 3830 tenuistis
1990 3774 2209 3829 contra
2267 3769 2586 3849 justiciam
2649 3788 2830 3830 occu·

357 3880 564 3955 patae,
609 3873 790 3935 nobis
839 3877 902 3934 et
951 3872 1210 3933 ecclesie
1264 3878 1480 3933 nostre
1535 3873 1949 3952 dignaremini
2006 3873 2263 3934 reddere
2322 3872 2459 3934 sine
2515 3872 2660 3943 lite;
2717 3892 2832 3934 vos

359 3979 548 4040 nobis
603 3997 718 4058 per
777 3983 1020 4039 vestras
1080 3977 1324 4038 litteras
1378 3978 1792 4058 respondistis
1852 3979 2037 4058 quod,
2082 3997 2227 4038 cum
2286 3978 2363 4038 de
2421 3978 2605 4038 dictis
2668 3978 2833 4040 villis

359 4085 766 4166 inquireretis
835 4083 1101 4144 sollicite
1169 4084 1500 4144 veritatem
1569 4089 1633 4144 et
1701 4084 1885 4145 nobis
1958 4084 2105 4144 inde
2177 4083 2444 4144 libenter
2512 4082 2832 4163 justiciam

360 4192 675 4253 faceretis.
777 4190 938 4251 Cum
1000 4193 1213 4250 autem
1271 4209 1406 4260 nos,
1467 4195 1612 4269 post
1676 4190 1981 4270 aliquanti
2047 4189 2349 4269 temporis
2413 4189 2831 4261 intervallum,

359 4318 556 4377 super
609 4297 919 4358 dictarum
962 4295 1250 4356 villarum
1304 4295 1711 4357 restitucione
1755 4296 1937 4356 nobis
1987 4295 2272 4356 facienda
2324 4294 2550 4355 iterato
2597 4293 2833 4356 nostris

361 4403 596 4465 litteris
678 4421 1058 4482 rogaremus,
1131 4401 1210 4461 ad
1293 4420 1400 4462 eas
1481 4401 1788 4462 hactenus
1873 4420 1999 4461 non
2084 4399 2352 4460 curastis
2434 4399 2831 4478 respondere,

361 4515 700 4590 eapropter
752 4507 1078 4588 cupientes
1139 4507 1280 4586 jura
1336 4506 1619 4568 Ecclesie
1682 4511 1915 4577 nostre,
1970 4505 2069 4566 cui
2127 4506 2484 4585 juramento
2548 4503 2835 4583 astringi·

363 4637 527 4689 mur,
568 4615 864 4695 prosequi
913 4619 1050 4674 toto
1091 4633 1296 4692 posse,
1339 4613 1488 4693 quia
1537 4634 1618 4673 an
1667 4619 1883 4674 nostre
1926 4613 2136 4673 littere
2185 4611 2380 4673 tercio
2421 4610 2599 4670 vobis
2648 4629 2839 4690 super

365 4725 629 4806 negocio
683 4723 807 4784 isto
862 4720 1114 4790 directe,
1157 4725 1414 4800 propter
1456 4720 1627 4780 varia
1675 4720 2129 4799 impedimenta
2184 4737 2307 4798 que
2362 4717 2427 4777 in
2484 4716 2706 4776 itinere
2756 4716 2837 4776 ad

363 4837 580 4911 partes
621 4833 882 4898 vestras,
923 4831 998 4886 ut
1047 4825 1292 4896 dicitur,
1344 4825 1654 4898 accidunt,
1697 4826 1777 4885 ad
1828 4846 1940 4887 vos
2004 4824 2404 4906 pervenerint
2452 4823 2832 4903 ignoramus,

367 4932 703 4998 Nobilitati
743 4937 950 4994 vestre
1004 4951 1174 4992 nunc
1229 4935 1470 5010 quarte,
1514 4950 1657 4990 cum
1713 4930 2053 4992 devocione
2108 4950 2234 5010 qua
2287 4947 2626 5008 possumus
2684 4947 2830 5007 sup·
