3619 5868
781 530 862 591 50
1219 604 1223 609 .
1415 527 1770 607 Reqistrum
1828 528 2047 588 Thonw
2101 526 2175 588 de
2236 525 2567 605 Cantilupo

781 778 1038 839 veniant
1091 778 1189 838 vel
1247 776 1456 839 venire
1510 776 2009 857 presumpserint
2030 796 2045 849 ;
2117 775 2285 835 unde
2334 780 2397 835 et
2447 773 2611 835 hanc
2668 778 2909 834 cartam
2960 780 3251 833 nostram

777 884 998 962 sigillis
1047 884 1282 945 nostris
1331 884 1423 943 ita
1470 883 2016 954 communivimus,
2069 881 2344 962 presenti
2396 886 2459 941 et
2508 887 2671 941 teste
2720 886 2937 941 nostra
2990 878 3249 957 Synodo

781 990 1246 1054 Herefordensi.

781 1382 1224 1461 Confirmation
1269 1383 1340 1462 of
1403 1382 1500 1443 the
1553 1402 1716 1442 same
1787 1383 1863 1461 by
1932 1382 2126 1461 Huyh
2194 1383 2399 1443 Foliot
2467 1383 2754 1463 (Bishop,
2824 1386 3019 1463 1219)
3088 1384 3255 1462 after

1021 1464 1274 1541 inquiry
1291 1464 1460 1543 from
1488 1462 1586 1524 the
1623 1464 1823 1523 Vicar.

943 1645 1272 1707 Universis
1319 1646 1547 1706 Sancte
1589 1645 1816 1705 Matris
1850 1644 2134 1705 Ecclesie
2165 1644 2333 1715 filiis,
2366 1645 2556 1725 Hugo
2586 1646 2831 1724 Folyot,
2864 1645 3081 1705 divina
3107 1664 3248 1723 per·

777 1751 1075 1811 missione
1107 1750 1586 1811 Herefordensis
1617 1750 1989 1829 Episcopus,
2022 1749 2292 1809 Badulfo
2322 1750 2582 1810 Decano
2610 1770 2753 1810 cum
2784 1757 2921 1810 toto
2950 1750 3251 1829 Capitulo

777 1857 1248 1927 Hereiordensi,
1279 1857 1569 1917 salutem.
1661 1857 1889 1917 Sciatis
1920 1876 2035 1917 nos
2064 1855 2411 1935 inspexisse
2454 1864 2697 1917 cartam
2742 1859 2900 1917 bone
2944 1857 3249 1917 memorie

775 1964 1084 2042 G[ilberti
1141 1963 1427 2042 Folyot],
1491 1962 1808 2042 quondam
1870 1961 2351 2021 Hereiordensis
2406 1961 2725 2040 Episcopi,
2782 1982 2927 2021 cum
2979 1980 3250 2021 assensu

777 2070 1055 2149 Capituli
1105 2068 1338 2141 nostri;
1397 2069 1461 2128 in
1510 2088 1636 2147 qua
1684 2067 2039 2128 continetur
2079 2067 2251 2146 ipsos
2296 2067 2624 2128 ecclesiam
2676 2067 2858 2129 beate
2912 2067 3113 2126 Maris
3161 2066 3243 2127 de

777 2176 983 2237 Goura
1024 2174 1409 2234 Monasterio
1447 2174 1631 2233 Beati
1676 2174 1850 2234 Petri
1889 2174 2276 2235 Gloucestrie
2316 2174 2700 2234 concessisse
2743 2179 2808 2234 et
2852 2174 2914 2233 in
2959 2175 3249 2252 proprios

775 2300 928 2342 usus
977 2280 1404 2351 confirmasse,
1465 2279 1544 2339 ad
1600 2280 1934 2339 luminaria
1990 2286 2052 2340 et
2107 2288 2483 2340 ornamenta
2536 2280 2819 2357 ejusdem
2872 2280 3247 2340 Monasterii

776 2386 1157 2446 invenienda
1199 2406 1310 2464 per
1354 2404 1581 2445 manus
1623 2386 1883 2446 sacriste
1926 2384 2210 2463 ejusdem
2254 2385 2392 2446 loci.
2507 2385 2594 2445 Et
2636 2406 2781 2445 cum
2826 2390 3115 2445 nostrum
3158 2386 3241 2446 sit

776 2492 973 2571 rigare
1003 2491 1168 2573 quod
1197 2490 1664 2570 predecessores
1693 2492 1894 2550 nostri
1921 2491 2550 2569 plantaverint,—sic
2580 2490 2993 2551 enim'eadem
3032 2491 3242 2569 gracia

775 2619 896 2679 que
925 2598 1265 2676 plantatori
1308 2597 1498 2657 etiam
1537 2596 1797 2658 debetur
1826 2597 2119 2657 nutritori
2141 2607 2447 2669 ;—ratam
2490 2597 2680 2675 igitur
2722 2596 3026 2658 habentes
3070 2597 3242 2658 illam

772 2703 1205 2775 donacionem,
1238 2702 1575 2763 autoritate
1602 2721 1728 2782 qua
1757 2702 1898 2762 freti
1926 2721 2144 2762 sumus
2180 2712 2244 2762 et
2286 2707 2619 2781 potestate,
2666 2702 2931 2761 eandem
2976 2702 3241 2763 firmiter

767 2809 1172 2871 concedimus
1201 2816 1264 2869 et
1294 2809 1739 2869 confirmamus
1769 2810 1941 2868 omni
1970 2828 2043 2870 eo
2089 2808 2275 2869 modo
2316 2827 2441 2889 quo
2483 2815 2659 2869 carta
2700 2809 2809 2869 illa
2852 2816 3242 2887 protestatur

769 2922 836 2978 et
865 2916 927 2975 in
960 2914 1269 2976 omnibus.
1355 2914 1442 2974 Et
1472 2934 1614 2974 cum
1647 2914 2108 2995 aliquantulum
2141 2913 2558 2975 hesitaremus
2594 2934 2672 2974 an
2719 2922 2787 2974 ut
2830 2933 3098 2992 persona
3141 2915 3242 2975 vel

771 3030 843 3085 ut
894 3024 1162 3084 vicarius
1211 3023 1514 3102 magister
1561 3022 1911 3082 Willelmus
1954 3023 2030 3082 de
2074 3023 2470 3083 Gloucestria
2514 3022 2748 3082 dictam
2792 3023 3123 3083 ecclesiam
3163 3023 3245 3084 de

773 3128 978 3191 Goura
1044 3129 1412 3208 possideret,
1484 3128 1650 3188 idem
1721 3129 2040 3206 magister,
2113 3147 2300 3206 super
2368 3127 2491 3188 hiis
2560 3128 2888 3206 diligenter
2958 3149 2997 3188 a
3058 3129 3243 3189 nobis

771 3237 1106 3317 requisitus
1137 3237 1253 3296 sub
1283 3235 1456 3314 gravi
1482 3235 1842 3313 juramento
1870 3234 2191 3294 fatebatur
2219 3253 2286 3294 se
2316 3239 2566 3294 tantum
2600 3234 2901 3293 vicarium
2946 3235 3238 3305 existere,

765 3347 832 3404 et
901 3342 978 3402 de
1047 3341 1216 3402 dicta
1287 3342 1551 3402 ecclesia
1615 3341 1678 3400 in
1737 3359 1908 3401 xxxv
1964 3341 2191 3400 marcis
2250 3340 2477 3400 annuis
2538 3359 2605 3399 se
2660 3340 2921 3419 obligari
2978 3341 3243 3401 sacriste

768 3448 1161 3510 Gloucestrie
1205 3455 1268 3507 et
1298 3448 1387 3506 illi
1417 3446 1480 3506 in
1512 3453 1696 3506 tanta
1724 3445 1990 3525 pecunia
2032 3445 2361 3506 annuatim
2407 3445 2802 3524 respondere.
2909 3445 3001 3508 Ut
3044 3447 3239 3525 igitur

769 3555 924 3614 nulli
954 3553 1304 3633 posteritati
1335 3554 1506 3613 istud
1537 3559 1821 3614 vertatur
1862 3553 1924 3612 in
1971 3552 2250 3622 dubium,
2296 3551 2583 3624 dicimus,
2631 3553 2941 3624 volumus,
2988 3565 3050 3613 et
3092 3572 3241 3613 con·

769 3659 1050 3719 cedimus
1079 3667 1149 3718 ut
1178 3665 1561 3718 memoratus
1592 3659 1856 3718 sacrista
1886 3657 2213 3718 ecclesiam
2245 3676 2425 3717 suam
2463 3657 2540 3717 de
2585 3657 2789 3718 Coura
2829 3657 3235 3736 ingrediatur,

768 3774 834 3825 et
891 3766 955 3824 in
1015 3785 1205 3824 manu
1265 3783 1380 3824 sua
1434 3765 1704 3824 retineat
1760 3763 2177 3844 quodcunque
2227 3765 2511 3835 voluerit,
2566 3765 2742 3826 salva
2792 3765 3125 3826 sufficienti
3173 3772 3241 3827 et

770 3872 1040 3932 honesta
1097 3871 1520 3930 sustinacione
1577 3871 1762 3931 unius
1819 3871 2129 3950 capellani
2186 3891 2297 3932 seu
2352 3871 2567 3932 vicarii
2626 3873 2691 3931 in
2747 3873 2918 3933 dicta
2974 3873 3241 3935 ecclesia

772 3977 1209 4038 ministrantis
1295 3977 1383 4036 Et,
1419 3977 1546 4036 sint
1589 3977 1849 4054 predicti
1896 3977 2104 4036 Abbas
2149 3983 2211 4037 et
2255 3976 2616 4037 Conventus
2660 3978 2853 4056 quieti
2898 3997 2936 4038 a
2983 3979 3238 4057 Synodo

773 4093 992 4144 nostra
1048 4083 1383 4162 sequenda,
1457 4083 1743 4142 similiter
1799 4083 1878 4143 ab
1934 4084 2102 4142 omni
2160 4084 2604 4161 procuracione
2661 4103 2783 4164 que
2840 4095 3085 4163 spectet
3141 4087 3239 4145 vel

769 4201 1053 4271 spectare
1092 4191 1289 4270 possit
1333 4190 1416 4251 ad
1457 4191 1840 4269 Episcopum
1890 4191 2417 4252 Herefordensem
2460 4191 2771 4251 visitando
2815 4192 3115 4254 ecclesias
3156 4192 3239 4252 ad

772 4299 1011 4358 dictum
1065 4297 1518 4356 Monasterium
1563 4296 1949 4374 pertinentes
1991 4296 2057 4355 in
2101 4295 2330 4356 diocesi
2378 4295 2845 4356 Herefordensi.
2933 4295 3013 4356 In
3058 4297 3239 4376 cujus

773 4407 863 4466 rei
911 4403 1312 4464 concessione
1353 4413 1417 4463 et
1462 4401 1941 4462 confirmacione
1983 4401 2130 4461 huic
2173 4402 2450 4480 presenti
2495 4401 2728 4479 scripto
2772 4401 2977 4480 sigilla
3022 4415 3239 4464 nostra

771 4511 1034 4572 fecimus
1085 4509 1333 4587 apponi.
1449 4507 1535 4566 Et
1577 4505 1934 4565 inhibemus
1976 4526 2053 4566 ex
2095 4513 2272 4584 parte
2318 4505 2436 4566 Dei
2482 4525 2560 4566 ne
2603 4506 2742 4584 quis
2783 4512 3008 4567 contra
3051 4508 3237 4568 istam

771 4613 1238 4676 concessionem
1269 4621 1330 4672 et
1361 4612 1907 4671 confirmacionem
1937 4611 2189 4672 obviare
2233 4617 2555 4690 presumat
2600 4610 2718 4671 sub
2756 4630 2923 4690 pena
2964 4613 3077 4674 illa
3120 4632 3237 4693 que

771 4739 1070 4800 expressa
1127 4725 1223 4778 est
1278 4718 1343 4777 in
1400 4723 1577 4777 carta
1633 4717 1741 4776 illa
1790 4735 1981 4796 quam
2030 4717 2437 4796 prediximus,
2490 4737 2525 4778 a·
2579 4717 2852 4777 Domino
2902 4717 3243 4801 G[ilberto]

772 4827 1000 4897 Polion,
1036 4825 1471 4904 predecessore
1513 4829 1748 4894 nostr0,
1795 4823 2075 4902 sepefato
2120 4823 2508 4884 Monasterio
2552 4823 2838 4883 confecta
2878 4830 2942 4884 et
2984 4825 3233 4886 collata.

775 4933 965 4994 Teste
996 4937 1129 4992 toto
1160 4929 1449 5008 Capitulo
1479 4937 1713 4989 nostro.
