3619 5868
767 520 846 580 68
1200 594 1204 599 ι
1409 518 1762 596 chistrum
1821 518 2039 578 Thome
2094 518 2166 579 de
2238 518 2569 596 Cantilupo

777 742 934 800 Writ
979 748 1035 800 to
1081 741 1176 800 the
1221 741 1458 819 Sheriff
1491 741 1561 819 of
1598 741 1965 821 Shropshire
2008 749 2065 802 to
2110 741 2257 801 have
2300 741 2449 801 view
2495 741 2674 800 taken
2705 740 2775 818 of
2810 740 2905 800 the
2948 739 3237 799 hundred

1011 843 1175 882 acres
1227 822 1297 881 in
1343 823 1604 901 disputa,
1655 822 1781 882 and
1827 829 1885 882 to
1926 822 2073 881 send
2104 824 2258 901 four
2298 822 2566 900 Kniqhts
2607 821 2740 881 who
2784 822 2919 881 take
2957 828 3111 901 part
3164 821 3239 879 in

1011 903 1062 963 it
1107 910 1164 963 to
1208 902 1304 962 the
1348 903 1613 963 Justices
1656 909 1722 963 at
1773 903 2203 963 Westminstcr.

930 1085 1065 1144 PRO
1127 1101 1276 1144 vlsu
1343 1083 2131 1155 nmmum-Edwardus,
2192 1084 2311 1144 Dei
2366 1085 2593 1162 gracia,
2652 1090 2795 1155 etc„
2854 1083 3231 1145 vicecomiti

769 1190 1014 1269 Salopie
1059 1189 1350 1249 salutem.
1437 1190 1826 1269 Precipimus
1872 1191 1985 1250 tibi
2022 1190 2189 1270 quod
2232 1191 2367 1251 sine
2410 1190 2715 1251 dilacione
2754 1190 2981 1249 habere
3022 1190 3230 1250 facias

763 1296 967 1357 visum
1010 1296 1088 1355 de
1130 1304 1385 1356 centum
1429 1297 1591 1357 acris
1635 1302 1893 1374 pasture
1946 1316 2091 1357 cum
2147 1298 2571 1376 pertinenciis,
2617 1297 2683 1357 in
2736 1297 3229 1376 Esthamptone,

761 1422 920 1483 quas
989 1403 1282 1473 Thomas,
1357 1403 1838 1463 Herefordensis
1900 1404 2273 1483 EpiscopuS,
2340 1404 2406 1463 in
2474 1404 2662 1465 Curia
2724 1412 2942 1465 nostra
3004 1424 3223 1464 coram

764 1508 1143 1569 Justiciariis
1212 1508 1376 1587 apud
1453 1508 2081 1569 westmonasterium
2169 1509 2401 1571 clamat
2473 1516 2543 1570 nt
2611 1511 2712 1588 jus
2783 1510 3041 1570 ecclesie
3114 1530 3234 1571 sue

765 1612 1246 1674 Herefordensis
1287 1632 1505 1673 versus
1545 1613 1895 1692 predictum
1940 1613 2219 1674 Petrum.
2322 1614 2409 1673 Et
2452 1614 2551 1674 dic
2599 1620 2869 1693 quatuor
2918 1614 3229 1675 militibus

763 1739 840 1781 ex
869 1719 991 1779 illis
1019 1720 1124 1797 qui
1154 1719 1316 1779 visui
1352 1719 1441 1777 illi
1483 1719 1899 1791 interfuerint,
1931 1719 2098 1797 quod
2142 1720 2269 1779 sint
2312 1738 2523 1780 coram
2566 1720 2606 1780 J
2612 1720 2945 1779 usticiariis
2989 1719 3227 1779 nostris

763 1824 928 1905 apud
979 1824 1632 1895 westmonasterium,
1687 1844 1727 1885 a
1775 1824 1877 1885 die
1922 1824 2137 1885 Sancti
2182 1824 2441 1884 Martini
2483 1825 2549 1884 in
2592 1844 2673 1884 xv
2714 1824 2867 1896 dice,
2916 1824 2993 1885 ad
3045 1826 3226 1885 testi-

758 1929 1074 1990 ficandum
1134 1930 1337 1991 visum
1401 1930 1598 1991 illum.
1728 1930 1816 1989 Et
1873 1929 2110 1991 habeas
2168 1930 2253 1991 ibi
2320 1930 2576 1991 nomina
2638 1931 2906 1991 militum
2974 1939 3038 1991 et
3101 1931 3225 1991 hoc

761 2036 964 2096 breve.
1082 2036 1270 2095 Teste
1313 2046 1435 2096 etc.

761 2392 901 2450 Dec.
970 2395 1065 2459 30,
1130 2389 1560 2449 1277.—Wr2‘t
1625 2397 1682 2450 to
1750 2390 1848 2450 the
1912 2390 2149 2468 Shcriff
2204 2390 2509 2467 directiny
2575 2390 2704 2449 him
2766 2398 2823 2450 to
2885 2412 3085 2451 secure
3148 2391 3225 2468 by

1001 2471 1298 2531 distraint
1350 2470 1446 2530 the
1487 2470 1712 2530 service
1753 2472 1824 2549 of
1874 2470 1970 2530 the
2015 2471 2283 2548 Kniyhts
2335 2472 2469 2530 who
2515 2471 2721 2550 failed
2750 2478 2824 2531 ἰο
2868 2480 2967 2531 act
3008 2492 3087 2531 on
3127 2472 3225 2531 the

991 2552 1486 2692 {corpbvgztoulation
1538 2552 1608 2631 os
1659 2552 1755 2611 the
1812 2552 2230 2611 border—lands
2289 2554 2360 2631 of
2420 2552 2518 2613 the
2572 2552 2808 2653 Bishop
2864 2553 2991 2611 and
3046 2552 3222 2612 Peter

919 2811 1072 2883 Rex,
1114 2811 1482 2872 Vicecomiti
1528 2810 1801 2889 Salopie,
1836 2813 2129 2873 salutem.
2239 2812 2397 2874 Cum
2440 2832 2639 2891 nuper
2678 2813 2792 2874 tibi
2834 2814 3225 2892 precepimus

751 2916 938 2997 quod,
969 2916 1312 2995 assumptis
1339 2922 1546 2978 tecum
1577 2917 1659 2996 xij
1695 2916 1981 2980 discretis
2024 2923 2087 2979 et
2120 2918 2426 2997 legalibus
2458 2918 2757 2980 militibus
2784 2918 2861 2978 de
2892 2918 3209 2980 Comitatu

749 3032 879 3095 tue,
936 3027 1001 3083 in
1051 3024 1299 3102 propria
1349 3043 1613 3103 persona
1663 3032 1775 3084 tua
1823 3024 2149 3085 accederes
2204 3025 2285 3084 ad
2335 3031 2568 3085 terram
2610 3025 2868 3096 Thome‚
2918 3025 3212 3104 Episcopi

755 3129 1256 3202 Herefordensis,
1309 3131 1374 3189 in
1430 3130 1913 3208 Esthamptone,
1958 3138 2021 3188 et
2070 3135 2302 3194 terram
2363 3129 2533 3191 Petri
2583 3130 2811 3191 Corbet
2852 3131 2917 3190 in
2963 3130 3210 3191 wente-

755 3253 970 3306 noure,
1030 3241 1091 3295 et
1147 3255 1259 3313 per
1317 3255 1532 3296 eorum
1589 3243 2057 3296 sacramentum
2114 3236 2249 3296 fieri
2317 3236 2553 3297 faceres
2608 3237 3213 3314 perambulacionem

757 3341 925 3400 inter
981 3348 1178 3401 terras
1233 3341 1512 3419 ipsorum
1567 3341 1865 3420 Episcopi
1922 3351 1984 3402 et
2046 3343 2215 3402 Petri
2272 3343 2338 3402 in
2384 3342 2619 3403 eisdem
2666 3344 2848 3415 villis,
2902 3343 2995 3403 ita
3048 3342 3211 3422 quod

753 3444 1215 3523 perambulacio
1271 3446 1382 3506 illa
1435 3445 1611 3506 fieret
1664 3465 1776 3526 per
1831 3454 2036 3507 certas
2086 3455 2293 3507 metas
2346 3455 2409 3508 et
2457 3446 2709 3522 divisas,
2756 3449 2905 3528 quia
2949 3448 3211 3527 predicti

756 3551 1108 3629 Episcopus
1150 3557 1214 3611 et
1259 3553 1483 3613 Petrus
1525 3559 1871 3631 posuerunt
1914 3571 1981 3614 se
2023 3573 2233 3613 coram
2278 3554 2457 3614 nobis
2497 3553 2563 3613 in
2601 3555 3209 3633 perambulacionem

753 3655 958 3727 illam;
990 3665 1054 3716 et
1075 3657 1240 3734 quod
1259 3658 1416 3718 scire
1438 3658 1671 3718 faceres
1695 3659 1733 3719 J
1738 3659 2074 3719 usticiariis
2103 3659 2335 3719 nostris
2364 3659 2530 3736 apud
2553 3659 3203 3732 westmonasterium,

759 3781 798 3823 a
840 3761 940 3822 die
995 3762 1208 3823 Sancti
1259 3763 1512 3824 Hillarii
1571 3764 1634 3822 in
1683 3783 1764 3823 xv
1807 3764 1962 3836 dies,
2008 3763 2125 3825 sub
2170 3765 2371 3841 sigillo
2420 3769 2529 3824 tuo
2588 3775 2651 3825 et
2699 3765 2901 3844 sigillo
2946 3773 3213 3846 quatuor

753 3867 1028 3928 militum
1059 3887 1134 3927 ex
1164 3867 1288 3928 illis
1315 3869 1422 3949 qui
1451 3869 1616 3930 dicte
1656 3868 2188 3948 perambulacioni
2230 3869 2648 3942 interfuerint,
2680 3889 2792 3949 per
2816 3889 2979 3949 quas
3011 3878 3208 3932 metas

756 3980 819 4034 et
847 3973 1080 4034 divisas
1108 3974 1570 4052 perambulacio
1607 3975 1718 4036 illa
1757 3976 1928 4036 facta
1954 3975 2176 4047 fuerit;
2222 3980 2285 4036 et
2317 3983 2407 4046 tn,
2440 3975 2767 4037 occasione
2798 3976 2882 4054 xij
2916 3977 3204 4048 militum,

756 4081 835 4142 ad
889 4081 1007 4141 hoc
1059 4081 1136 4140 de
1176 4100 1487 4141 consensu
1534 4081 1817 4161 parcium
1868 4083 2230 4153 electorum,
2275 4081 2355 4141 ad
2402 4081 2567 4141 diem
2616 4080 2697 4140 ad
2744 4081 2863 4141 hoc
2914 4088 3217 4143 statutum

754 4189 1048 4250 accedere
1090 4189 1466 4261 nolencium,
1515 4189 1578 4249 id
1621 4189 1826 4250 facere
1871 4189 2244 4270 nequiveris,
2300 4188 2763 4259 intelleximus;
2823 4208 2939 4249 nos
2980 4209 3215 4268 peram-

752 4295 1144 4355 bulacionem
1194 4294 1366 4354 illam
1415 4295 1702 4356 nolentes
1759 4295 2036 4355 indebite
2087 4293 2409 4365 retardari,
2456 4293 2570 4353 tibi
2618 4294 2996 4372 precipimus
3053 4295 3212 4375 quod

752 4401 1067 4481 predictos
1126 4401 1209 4480 xij
1271 4401 1525 4474 milites,
1594 4410 1657 4462 et
1721 4400 1879 4462 alios
1942 4401 2020 4460 de
2084 4399 2310 4460 balliva
2374 4406 2503 4470 tua,
2571 4399 2623 4459 si
2685 4419 2944 4460 necesse
3008 4401 3211 4472 inerit,

759 4506 1096 4584 distringas
1135 4507 1300 4586 quod
1345 4513 1551 4568 tecum
1597 4507 1891 4568 intersint
1934 4505 2469 4586 perambulacioni
2522 4504 2610 4564 illi
2667 4514 3065 4566 sacramento
3110 4525 3219 4567 suo

750 4613 1052 4684 faciende,
1114 4613 1204 4672 ita
1259 4613 1427 4693 quod
1480 4612 1594 4674 fiat
1642 4632 1752 4692 per
1806 4619 2012 4674 certas
2072 4618 2275 4672 metas
2334 4619 2398 4671 et
2454 4610 2706 4682 divisae,
2765 4617 2827 4671 et
2868 4629 3013 4671 eam
3058 4613 3210 4672 scire

751 4718 947 4779 facias
986 4718 1246 4796 prefatis
1283 4718 1322 4778 J
1329 4718 1663 4779 usticiariis
1703 4719 1955 4789 nostris,
2000 4738 2038 4779 a
2076 4717 2177 4778 die
2215 4716 2459 4778 Pasche
2504 4715 2571 4776 in
2610 4736 2690 4776 xv
2727 4715 2883 4788 dice,
2922 4716 2989 4776 in
3029 4717 3223 4778 forma

749 4823 1049 4902 predicta.
1156 4823 1244 4882 Et
1294 4822 1534 4884 habeas
1585 4823 1669 4883 ibi
1720 4823 1838 4883 hoc
1890 4824 2072 4883 breve
2114 4830 2179 4884 et
2223 4821 2394 4883 aliud
2442 4821 2644 4882 breve.
2750 4821 2937 4882 Teste
2982 4823 3217 4901 meipso

755 4926 921 5007 apud
951 4926 1606 4999 westmonasterium,
1645 4947 1768 4987 xxx
1811 4927 1911 4987 die
1956 4925 2340 4998 Decembris,
2380 4945 2549 4986 anno
2576 4925 2749 5004 regni
2780 4926 2981 4986 nostri
3012 4935 3206 4988 sext0.
