3619 5868
525 2274 628 2319 1201.
656 2276 718 2317 1⁰.

825 460 906 521 24
1487 459 1843 538 Reqistrum
1900 459 2118 520 Thome
2172 460 2245 519 dc
2302 432 2634 539 Cantilupo

833 685 962 747 Oct.
1005 685 1316 746 26.-T7w
1359 684 1625 746 Jmtices
1667 684 1792 745 and
1833 684 2031 745 others
2074 704 2177 744 are
2218 683 2557 745 imtructed
2598 683 2669 745 in
2710 685 2808 746 the
2849 684 3069 763 Kiny’s
3110 704 3293 745 name

1075 766 1209 827 that
1268 766 1496 827 Robert
1556 765 1838 844 Bayqode
1900 764 1955 825 is
2016 765 2378 845 empowered
2439 772 2497 825 to
2558 771 2659 827 act
2712 786 2783 826 as
2846 766 2944 827 the
2999 765 3291 847 Bishop’s

1069 854 1346 925 attomey
1394 846 1466 907 in
1514 846 1612 907 tlae
1662 847 1881 907 Gourts
1930 845 2001 905 in
2042 845 2311 907 Ireland.

991 978 1096 1039 Dn
1139 995 1440 1039 nascens
1482 996 1552 1039 m
1594 977 2409 1049 H1annu.—Edwardus,
2454 977 2575 1038 Dei
2615 977 2825 1057 gracia
2866 978 3000 1039 Rex
3043 978 3293 1057 Anglie,

832 1085 1146 1145 Dominus
1208 1084 1532 1157 Hibernie,
1589 1091 1654 1144 et
1712 1084 1861 1145 Dux
1924 1084 2281 1163 Aquitanis,
2344 1083 2386 1145 J
2390 1084 2727 1145 usticiariis
2788 1089 2851 1143 et
2912 1084 3289 1156 comitibus,

832 1190 1117 1261 Ballivis,
1169 1195 1246 1269 et·
1288 1190 1576 1251 fidelibus
1623 1190 1754 1251 suis
1803 1190 2128 1263 Hibernis,
2181 1190 2261 1251 ad
2308 1209 2466 1269 quos
2516 1198 2840 1270 presentes
2889 1189 3097 1251 littere
3148 1210 3290 1269 per-

833 1296 1140 1368 venerint,
1191 1297 1483 1356 salutem.
1583 1295 1812 1357 Sciatis
1853 1295 2022 1375 quod
2060 1296 2453 1357 Venerabilis
2496 1296 2706 1368 Pater,
2750 1296 3047 1367 Thomas,
3095 1296 3291 1357 Here-

832 1400 1142 1461 fordensis
1205 1400 1576 1479 Episcopus,
1649 1400 1991 1461 attornavit
2060 1420 2271 1463 coram
2329 1400 2511 1461 nobis
2568 1401 2705 1461 loco
2766 1420 2881 1462 suo
2942 1400 3293 1463 Robertum

830 1504 1128 1583 Baggode
1190 1504 1270 1566 ad
1341 1504 1714 1565 lucrandum
1782 1505 1882 1566 vel
1949 1504 2334 1584 perdendum
2412 1505 2479 1565 in
2548 1504 2840 1566 omnibus
2906 1505 3158 1584 placitis
3226 1514 3291 1567 et

831 1611 1102 1691 querelis
1149 1611 1340 1672 motis
1401 1610 1499 1671 vel
1557 1610 1885 1672 movendis
1940 1630 2055 1690 pro
2113 1612 2251 1689 ipso
2298 1612 2397 1672 vel
2456 1630 2565 1689 per
2618 1610 2827 1690 ipsum
2882 1611 2947 1671 in
3002 1612 3289 1689 partibus

831 1716 1158 1777 Hibernie.
1254 1717 1342 1777 Et
1396 1717 1477 1776 ad
1523 1716 1903 1778 instanciam
1952 1716 2235 1796 ejusdem
2290 1717 2589 1795 Episcopi
2642 1717 3069 1777 concessimus
3122 1718 3289 1797 quod

831 1820 1040 1883 dictus
1097 1822 1430 1894 Robertus,
1482 1822 1732 1883 nomine
1790 1822 1988 1901 ipsius
2045 1822 2363 1902 Episcopi,
2414 1822 2617 1883 facere
2672 1824 2874 1901 possit
2932 1830 3289 1886 attornatos

830 1927 930 1988 vel
973 1932 1381 1999 attornatum,
1413 1946 1570 2006 quos
1611 1928 1708 1987 vel
1751 1947 1936 2007 quem
1982 1928 2269 2000 voluerit,
2299 1929 2365 1988 in
2408 1928 2612 1989 Curiis
2653 1930 2903 2001 nostris,
2933 1928 3287 2010 ubicunque

832 2034 899 2093 in
941 2033 1226 2113 partibus
1267 2034 1564 2112 predictis
1613 2033 1695 2093 ad
1736 2034 1943 2094 omnia
1981 2035 2217 2114 placita
2270 2040 2333 2095 et
2381 2035 2667 2115 querelas
2714 2035 3186 2116 prosequendas
3224 2044 3286 2097 et

835 2140 1280 2212 defendendas,
1332 2148 1396 2201 et
1453 2139 1532 2200 ad
1581 2140 1954 2201 lucrandum
2008 2142 2109 2202 vel
2154 2142 2541 2220 perdendum
2592 2143 2656 2201 in
2712 2142 2971 2214 eisdem,
3024 2148 3097 2203 ut
3154 2163 3283 2223 pre·

833 2246 1071 2307 dictum
1135 2256 1251 2307 est.
1356 2247 1434 2307 In
1490 2246 1672 2323 cujus
1735 2248 1825 2307 rei
1889 2248 2314 2310 testimonium
2376 2249 2492 2309 has
2548 2248 2793 2310 litteras
2850 2254 3103 2310 nostras
3158 2248 3285 2310 fieri

828 2351 1093 2412 fecimus
1133 2357 1424 2431 patentes
1465 2372 1576 2431 per
1621 2373 1815 2413 unum
1870 2373 2105 2413 annum
2153 2354 2509 2415 duraturas.
2606 2354 2793 2414 Teste
2836 2355 3078 2433 meipso
3118 2356 3281 2434 apud

833 2456 1493 2530 westmonasterium,
1538 2459 1684 2537 xxvj
1729 2459 1830 2519 die
1872 2460 2182 2531 Octobris,
2226 2478 2395 2521 anno
2436 2460 2609 2539 regni
2649 2458 2853 2521 nostri
2888 2462 3103 2522 terci0.

829 2662 986 2724 Nov.
1037 2663 1517 2725 12.—Ma‘ndate
1559 2665 1668 2744 sor
1724 2664 1823 2724 the
1871 2663 2157 2743 Bishop’s
2218 2663 2459 2742 Official
2506 2671 2564 2726 to
2620 2664 2837 2726 induet
2889 2665 3165 2728 Michael
3214 2666 3281 2728 de

1073 2743 1318 2810 Kendal
1359 2752 1416 2806 to
1461 2744 1558 2806 the
1602 2744 1850 2806 thrch
1889 2746 1959 2824 os
1992 2744 2188 2805 Little
2228 2745 2479 2805 Marcle.

987 2877 1204 2938 Pam
1258 2876 1643 2939 Muranum.
1737 2879 2065 2939 Anmssus
2122 2894 2242 2939 sem
2298 2896 2382 2938 AD
2438 2894 3023 2940 Pssssnraoiosau
3080 2880 3278 2942 Gam-

838 2999 1036 3042 mum
1105 2983 1450 3044 Panem-0⁸1·
1523 3001 1608 3044 m
1677 2983 1933 3045 Rosam
2002 2983 2226 3044 Tum
2301 3001 2453 3044 inm
2517 2982 3074 3056 wem—Thomas,
3140 2991 3275 3058 eto„

832 3086 1098 3148 Officiali
1161 3107 1276 3149 suo
1344 3088 1635 3160 salutem,
1695 3094 1812 3150 etc.
1918 3088 2081 3164 Quia
2149 3089 2449 3150 dilectum
2511 3089 2712 3150 filium
2772 3090 3146 3151 Michaelem
3206 3091 3277 3153 de

829 3192 1137 3264 Kendale,
1199 3194 1516 3265 clericum,
1581 3195 1662 3255 ad
1729 3195 2061 3256 ecclesiam
2129 3194 2207 3254 de
2275 3195 2479 3256 Parva
2544 3195 2825 3257 Markele
2893 3196 3277 3268 admisimus,

824 3299 1001 3362 vobis
1047 3299 1424 3361 mandamus
1466 3301 1763 3380 quatinus
1806 3301 2045 3361 dictum
2090 3300 2464 3361 Michaelem
2508 3302 2573 3361 in
2614 3302 3001 3380 corporalem
3044 3321 3281 3381 posses-

828 3405 1068 3467 sionem
1118 3407 1316 3485 ipsius
1363 3406 1624 3467 ecclesie
1668 3406 1987 3467 inducatis
2034 3413 2098 3467 et
2150 3407 2503 3468 defendatis
2550 3407 2898 3468 inductum.
3000 3409 3279 3470 Valeatis

824 3512 892 3572 in
953 3513 1246 3573 Domino.
1345 3512 1581 3574 Datum
1631 3512 1800 3592 apud
1858 3513 2271 3586 Kensintone,
2331 3513 2374 3593 ij
2441 3513 2597 3575 Idus
2660 3515 3055 3587 Novembris,
3118 3535 3279 3576 anno

827 3617 1205 3697 supradicto.
1327 3648 1330 3651 ·

826 3835 982 3897 Nov.
1027 3835 1508 3896 16.—Mandate
1557 3842 1615 3897 to
1655 3835 1873 3896 induet
1914 3835 2081 3897 John
2118 3835 2192 3896 de
2233 3835 2510 3897 Hodenet
2553 3843 2610 3897 to
2654 3837 2751 3897 the
2790 3837 3043 3916 custody
3084 3838 3156 3917 of
3188 3837 3279 3898 the

1079 3915 1325 4008 Ghrprch
1364 3917 1435 3996 os
1471 3916 1711 3988 Sutton,
1745 3917 1819 4007 ff
1854 3916 1951 3977 the
1990 3916 2181 4008 result
2221 3918 2297 4008 os.
2326 3916 2424 3977 the
2462 3916 2650 3978 usual
2686 3917 2940 4009 inguim
2985 3919 3051 3980 be
3078 3918 3278 3999 found

997 4029 1002 4034 ·
1073 3997 1486 4077 satisfactory,
1528 4017 1834 4076 ‘reservam
1878 3998 1974 4058 the
2014 4004 2375 4058 mstztutwn
2400 3998 2510 4079 for
2552 3998 2650 4060 the
2689 3999 2944 4078 Bwhop.

973 4128 1649 4190 Snmmonn.—Officiali
1681 4129 2132 4190 Herefordensi
2158 4130 2448 4190 salutem.
2507 4129 2547 4191 J
2551 4129 2834 4190 ohannes
2855 4130 2933 4191 de
2963 4130 3273 4203 Hodenet,

828 4234 1154 4315 presbiter,
1189 4234 1368 4296 nobis
1411 4255 1612 4314 nuper
1653 4235 1731 4296 ad
1775 4234 2101 4296 ecclesiam
2144 4235 2222 4295 de
2270 4235 2537 4296 Suttone
2581 4241 3000 4315 presentatus,
3040 4237 3277 4299 litteras

827 4341 1076 4402 clausas
1139 4341 1359 4420 sigillis
1409 4341 1688 4421 magistri
1746 4340 2019 4411 Ricardi,
2072 4340 2483 4401 commissarii
2531 4341 2743 4412 vestri,
2794 4348 2859 4402 et
2916 4342 3159 4402 Decani
3205 4343 3278 4403 de

831 4447 1229 4526 Pontesbury
1271 4448 1577 4527 sigillatas
1619 4447 1798 4508 nobis
1838 4447 2096 4518 exibuit,
2140 4465 2327 4525 super
2366 4446 2777 4527 inquisicione
2818 4448 2989 4508 facta
3030 4449 3108 4509 de
3150 4468 3279 4528 per-

826 4572 984 4615 sona
1026 4571 1142 4614 sua
1184 4557 1248 4614 et
1293 4552 1555 4613 ecclesia
1595 4552 1898 4631 predicta,
1936 4558 2006 4613 ut
2049 4552 2219 4612 dicit.
2309 4551 2474 4626 Quia
2514 4571 2660 4614 vero
2701 4552 2869 4614 dicta
2910 4553 3115 4633 sigilla
3158 4573 3281 4616 non

828 4661 1137 4730 novimus,
1169 4660 1450 4720 volentes
1479 4659 1631 4720 dicti
1667 4659 1978 4720 «Iohannis
2016 4678 2270 4738 parcere
2307 4659 2625 4720 laboribus
2662 4665 2727 4720 et
2764 4661 3075 4739 expensis,
3108 4661 3280 4723 vobis

829 4764 1205 4827 mandamus
1243 4763 1561 4844 quatinus,
1593 4767 1862 4843 receptis
1901 4763 1982 4824 ab
2019 4784 2093 4825 eo
2132 4765 2358 4826 litteris
2397 4764 2771 4843 supradictis
2810 4772 2872 4826 et
2908 4767 3068 4838 istis,
3100 4768 3155 4828 si
3178 4768 3279 4850 ⁵in-

836 4869 1245 4952 quisicionem
1285 4869 1648 4931 inveneritis
1686 4869 1806 4930 rite
1845 4869 2078 4930 factam
2118 4876 2181 4931 et
2219 4889 2332 4950 pro
2367 4869 2506 4949 ipso
2541 4869 2887 4950 presbitero
2921 4871 3279 4946 facientem,
