3619 5868
1186 552 1488 634 Episcopi
1539 551 2021 631 Herefordensis.
2717 551 2833 611 107

369 783 782 862 capellanum,
847 782 1180 842 Rectorem
1242 779 1502 840 ecclesie
1571 779 1648 838 de
1712 776 2079 855 Kemeseye,
2140 776 2417 856 aliosque
2478 780 2841 837 executores

372 888 741 950 testamenti
768 887 1051 968 magistri
1079 886 1137 947 G
1158 885 1408 964 [alfridi]
1444 885 1521 945 de
1550 883 1906 961 Coberleye,
1925 882 2241 961 quondam
2269 880 2555 941 Rectoris
2582 881 2843 942 ecclesie

375 996 456 1056 de
497 995 880 1074 Hamptone,
931 991 1407 1074 Wygorniensis
1455 989 1739 1060 diocesiS,
1785 994 1850 1050 et
1897 987 1965 1046 in
2019 987 2257 1068 judices
2313 986 2841 1048 consenciendum

375 1099 1026 1168 contradicendumve‚
1061 1117 1198 1168 nos,
1227 1096 1520 1166 Thomas,
1554 1093 1965 1154 miseracione
2006 1092 2218 1152 divina
2258 1092 2515 1152 humilis
2557 1091 2847 1152 minister

375 1203 660 1265 Ecclesie
722 1201 1225 1272 Herefordensis,
1288 1201 1550 1261 dilectas
1617 1198 1799 1259 nobis
1868 1198 1934 1256 in
2006 1197 2275 1268 christo,
2340 1197 2378 1258 J
2382 1197 2695 1258 ohannem
2764 1197 2844 1259 de

371 1309 642 1371 Bekeles
709 1315 776 1370 et
843 1310 884 1371 J
885 1310 1201 1370 ohannem
1277 1307 1516 1367 dictum
1587 1305 1969 1376 Walensem,
2047 1303 2322 1376 clerico&
2400 1305 2845 1366 Procuratores

372 1422 643 1487 nostros,
701 1415 1089 1494 conjunctim
1145 1418 1209 1475 et
1265 1412 1532 1482 divisim,
1591 1411 1814 1471 damus
1870 1410 2224 1490 specialiter
2278 1415 2342 1472 et
2398 1411 2843 1473 constituimus

374 1541 490 1602 per
529 1526 874 1600 presentes,
917 1521 1182 1581 aliorum
1223 1519 1706 1580 Procuratorum
1748 1522 2109 1578 nostrorum
2150 1518 2447 1578 mandata
2484 1538 2595 1579 seu
2635 1524 2843 1598 potes-

379 1631 578 1688 tatem
619 1627 686 1686 in
729 1627 948 1688 eadem
1001 1625 1188 1686 Curia
1239 1644 1352 1704 per
1401 1623 1519 1684 hec
1569 1622 1830 1684 minime
1882 1624 2248 1684 revocanda.
2350 1625 2593 1684 Damus
2644 1623 2844 1684 eciam

379 1733 616 1794 eisdem
660 1733 756 1794 vel
799 1752 1014 1794 eorum
1057 1731 1236 1793 alteri
1277 1735 1656 1810 potestatem
1699 1729 1892 1790 alium
1927 1730 2025 1790 vel
2066 1729 2223 1791 alios
2263 1729 2382 1790 sibi
2424 1729 2845 1790 substituendi

374 1840 444 1898 in
512 1839 855 1919 premissis.
967 1839 1048 1898 In
1110 1839 1307 1918 cujus,
1371 1842 1490 1898 etc.
1602 1837 1841 1897 Datum
1904 1837 2071 1916 apud
2140 1836 2496 1908 Folehame,
2559 1836 2620 1916 vj
2687 1837 2844 1898 Idus

375 1944 772 2015 Novembris,
823 1965 991 2005 anno
1045 1944 1250 2024 gracie
1305 1941 1768 2004 M0GO0LXX0
1824 1946 2018 2004 sexto.

377 2166 618 2246 Appcal
659 2173 717 2226 to
762 2165 860 2226 the
900 2166 1064 2246 Pope
1106 2171 1163 2226 to
1205 2185 1415 2226 excuse
1459 2163 1556 2224 the
1587 2171 1882 2244 payment
1922 2165 1992 2243 of
2029 2163 2127 2225 the
2166 2183 2407 2224 arrcars
2450 2165 2520 2244 of
2544 2164 2642 2226 the
2681 2164 2851 2226 tenth

628 2246 820 2307 levied
864 2247 974 2326 for
1029 2246 1128 2307 the
1181 2266 1436 2307 succour
1489 2247 1559 2325 of
1609 2244 1706 2305 the
1746 2245 1915 2323 Holy
1955 2245 2159 2316 Laud,
2204 2245 2321 2305 due
2349 2246 2520 2324 fro-m
2575 2245 2673 2307 the
2729 2245 2849 2306 late
2958 2268 2965 2274 ·

623 2327 860 2407 Bishop
901 2328 1034 2389 who
1075 2347 1200 2388 was
1244 2326 1316 2386 in
1353 2326 1493 2388 debt
1532 2333 1599 2386 at
1643 2326 1739 2386 his
1781 2325 1983 2387 death.

539 2457 1087 2518 Flamma—Petit
1155 2457 1448 2528 Thomas,
1512 2456 1868 2536 Episcopus
1937 2455 2436 2527 Herefordensis,
2513 2476 2589 2517 ex
2664 2457 2850 2517 solita

382 2565 770 2644 benignitate
815 2565 993 2626 Sedis
1037 2563 1412 2643 Apostolice,
1455 2569 1519 2624 et
1560 2563 1767 2643 gracia
1820 2561 2073 2642 speciali
2116 2562 2235 2623 sibi
2288 2562 2543 2623 concedi
2585 2582 2666 2624 ne
2709 2563 2845 2643 ipse

383 2670 485 2731 vel
527 2670 814 2731 Ecclesia
855 2690 968 2730 sua
1008 2670 1075 2728 in
1117 2669 1508 2749 prestacione
1551 2668 1790 2729 decime
1833 2668 2131 2748 deputate
2173 2667 2238 2727 in
2280 2667 2629 2728 subsidium
2664 2668 2853 2730 Terre

385 2775 634 2846 Sancte,
677 2794 792 2854 pro
833 2775 1036 2855 primo
1079 2795 1244 2834 anno
1286 2778 1351 2835 et
1393 2773 1685 2843 secund0,
1715 2778 2009 2862 oneretur
2050 2793 2161 2833 seu
2201 2777 2494 2852 gravetur
2526 2773 2591 2832 in
2620 2773 2847 2854 alique,

379 2903 526 2944 cum
569 2882 736 2944 idem
791 2882 960 2944 dicto
1013 2887 1297 2961 tempore
1351 2881 1428 2941 de
1483 2879 1790 2941 fructibus
1845 2879 2040 2941 nichil
2092 2878 2370 2960 percepit
2425 2879 2849 2959 Episcopatus

383 2989 750 3060 memorati;
815 2993 879 3050 et
919 2988 1081 3050 bone
1133 2988 1432 3049 memorie
1473 2988 1514 3049 J
1515 2987 1816 3058 ohannes,
1859 2986 2261 3067 predecessor
2300 2986 2455 3066 ejus,
2499 2986 2607 3067 qui
2648 2987 2853 3048 dictos

379 3094 624 3155 fructus
667 3114 740 3155 eo
782 3098 1063 3173 tempore
1103 3094 1357 3173 recepit,
1387 3098 1669 3172 tempore
1703 3092 1925 3153 mortis
1966 3112 2077 3153 sue
2120 3091 2186 3151 in
2223 3096 2472 3152 tantum
2507 3112 2610 3153 ere
2644 3092 2848 3154 alieno

381 3200 625 3261 exstitit
673 3199 982 3279 obligatus
1031 3198 1199 3279 quod
1246 3198 1410 3259 bona
1457 3217 1572 3259 sua
1620 3198 1833 3257 omnia
1880 3196 1960 3257 ad
2007 3196 2445 3257 liberacionem
2494 3197 2618 3258 eris
2662 3197 2848 3258 alieni

379 3306 565 3385 longe
606 3325 735 3365 non
778 3306 1113 3375 sufficiunt,
1155 3324 1273 3365 nec
1320 3304 1460 3383 ipso
1509 3304 1846 3383 superstite
1895 3303 2229 3383 quicquam
2279 3303 2355 3363 de
2397 3303 2565 3363 dicta
2606 3303 2849 3364 decima

377 3417 670 3471 exactum
725 3412 965 3472 exstitit
1021 3412 1099 3471 ab
1147 3412 1384 3472 eodem.
1496 3411 1677 3471 Bona
1725 3431 1873 3472 vero
1928 3410 2126 3491 ipsius
2182 3410 2460 3471 defuncti
2508 3410 2588 3471 ob
2635 3410 2850 3472 fiscale

379 3516 664 3578 debitum
707 3517 911 3578 adhuc
953 3518 1042 3579 ita
1081 3523 1386 3597 occupata
1427 3523 1576 3578 sunt
1617 3517 1783 3597 quod
1826 3517 1981 3577 nulli
2024 3517 2399 3578 creditorum
2448 3537 2705 3579 suorum
2746 3518 2847 3580 vel

379 3622 668 3683 Ecclesie
710 3623 1000 3684 satisfieri
1038 3630 1250 3702 potest
1291 3624 1366 3684 de
1408 3622 1590 3683 bonis
1632 3623 2013 3684 memoratis
2098 3624 2185 3683 Et
2227 3624 2315 3684 ita
2348 3623 2633 3684 Ecclesia
2665 3624 2846 3704 quasi

379 3728 450 3787 in
507 3728 756 3789 infinita
813 3749 1059 3790 summa
1111 3730 1375 3808 pecunie
1431 3748 1546 3808 pro
1603 3728 1831 3789 debitis
1887 3728 2341 3808 predecessoris
2404 3728 2500 3789 sui
2561 3734 2845 3790 remanet

377 3832 670 3913 obligata.
757 3834 942 3897 Unde
969 3854 1198 3914 equum
1228 3834 1346 3895 sibi
1378 3834 1694 3895 videretur
1725 3834 1778 3895 si
1813 3854 1927 3914 pro
1954 3840 2236 3914 tempore
2264 3854 2379 3895 suo
2408 3835 2847 3896 tantummodo

378 3940 462 3999 ad
493 3940 951 4019 prestacionem
983 3939 1221 4000 decime
1249 3944 1568 4001 teneretur
1604 3945 1964 4000 memorate.
2060 3938 2247 3999 Hanc
2286 3939 2662 4019 peticionem
2704 3958 2845 4018 por-

377 4045 704 4125 rigendam
755 4066 866 4106 seu
917 4046 1414 4125 prosequendam
1465 4045 1563 4105 vel
1621 4065 1767 4117 non,
1814 4051 1879 4106 et
1934 4044 2051 4105 sub
2098 4065 2223 4125 qua
2282 4044 2499 4116 forma,
2561 4044 2686 4105 ista
2744 4045 2845 4106 vel

381 4152 522 4222 alia,
574 4151 765 4212 vestri
813 4151 1178 4212 discrecioni
1231 4151 1640 4231 relinquimus
1690 4151 1985 4221 omnino;
2037 4150 2367 4212 veritatem
2421 4150 2590 4211 enim
2646 4150 2847 4230 ipsius

380 4256 472 4317 rei
515 4256 671 4317 satis
713 4256 888 4317 novit
929 4257 1121 4327 Deus,
1165 4261 1229 4317 et
1270 4277 1382 4319 vos
1424 4258 1712 4319 similiter
1750 4257 1971 4319 nostis.

382 4473 542 4535 Nov.
581 4477 679 4535 18.
691 4474 1059 4535 —Mandate
1100 4481 1159 4535 to
1202 4474 1299 4535 the
1345 4475 1584 4553 Official
1624 4482 1683 4537 to
1725 4474 1943 4537 induet
1983 4475 2151 4536 John
2189 4476 2260 4555 of
2291 4476 2670 4547 Mo‘nnwuth,
2712 4476 2845 4537 who

635 4554 692 4615 is
741 4555 1056 4634 presented
1114 4562 1172 4616 to
1229 4555 1326 4617 the
1373 4556 1603 4617 chwrch
1649 4558 1721 4637 of
1761 4556 2099 4636 Wolferlow
2142 4556 2217 4635 by
2261 4556 2359 4617 the
2398 4557 2675 4618 Pnoress
2717 4557 2845 4618 and

631 4636 903 4775 gouvent
934 4637 1034 4777 dos
1087 4637 1490 4716 Acornebury,
1551 4638 1706 4698 with
1769 4638 1868 4698 the
1928 4645 2169 4699 consent
2228 4638 2300 4717 of
2349 4638 2447 4699 the
2497 4638 2739 4699 Canens
2782 4639 2855 4718 of

689 4736 934 4793 romyar

551 4848 956 4909 Conromxs
1037 4847 1357 4909 Innuoom
1439 4866 1750 4910 mmmmm
1829 4849 1871 4910 J
1873 4866 2155 4910 oswius
2236 4866 2323 4909 nn
2407 4848 2847 4910 Mounuumnn

383 4954 718 5014 Eocmnsm
776 4970 864 5011 nn
918 4953 1727 5016 Wnrannows.—Officiali
1788 4954 2257 5026 Herefordensi,
2320 4960 2439 5016 etc.
2542 4954 2704 5029 Quia
2764 4956 2847 5017 ad
