3619 5868
95 4828 193 4870 Fol.
220 4828 284 4868 ⁶⁰.

1221 506 1521 587 Episcopi
1575 507 2057 588 Hercfordensia
2748 511 2870 571 215

404 729 731 809 placuerit,
777 729 939 790 lator
980 733 1375 808 presencium
1418 738 1623 791 vestre
1665 732 1947 792 amicicie
1988 733 2220 810 poterit
2260 733 2590 806 intimare;
2636 735 2867 814 aliique

405 834 638 906 nuncii,
698 854 855 914 quos
911 835 976 896 in
1040 836 1212 896 brevi
1275 837 1357 896 ad
1421 837 1673 897 Curiam
1739 857 2017 916 propono
2080 840 2533 911 transmittere,
2593 839 2869 901 Domino

405 941 808 1012 concedente,
854 961 1126 1002 unacum
1186 963 1260 1002 eo
1315 942 1393 1003 de
1448 963 1575 1023 quo
1631 943 1790 1004 alias
1846 944 2023 1004 vobis
2080 944 2299 1024 scripsi
2356 965 2467 1024 per
2513 945 2864 1018 Matheum,

404 1065 667 1125 puerum
726 1055 1026 1119 vestrum,
1073 1048 1275 1108 tocius
1329 1047 1478 1108 facti
1537 1059 1599 1108 et
1655 1048 1813 1127 juris
1868 1049 2043 1110 vobis
2100 1051 2453 1131 expriment
2510 1052 2865 1125 veritatem,

405 1171 517 1231 per
573 1171 764 1230 quam
828 1152 1178 1213 luculenter
1241 1153 1568 1232 apparebit
1626 1155 1788 1233 quod
1851 1174 1966 1215 nec
2025 1154 2240 1215 odium
2298 1176 2416 1216 nec
2464 1155 2701 1216 invidia
2750 1177 2865 1218 nec

406 1257 696 1336 accepcio
764 1277 1026 1336 persone
1095 1259 1419 1340 cujusque,
1479 1271 1574 1320 set
1645 1260 1819 1320 zelus
1888 1266 1951 1320 et
2015 1279 2191 1320 amor
2244 1261 2530 1322 Ecclesie
2584 1281 2741 1334 mee,
2802 1267 2866 1322 et

403 1361 637 1441 jurium
681 1363 964 1442 ejusdem
1005 1366 1425 1435 conservacio,
1456 1385 1556 1424 me
1600 1365 1678 1425 ad
1721 1365 2038 1446 prefatum
2081 1366 2489 1427 collacionem
2529 1367 2797 1428 induxit.

405 1618 558 1698 Auq.
601 1617 1116 1696 13.-—Authority
1163 1618 1342 1696 qiven
1391 1626 1448 1679 ιο
1492 1619 1658 1679 John
1697 1617 1771 1678 de
1813 1618 2109 1696 Bitterley
2155 1625 2212 1678 ιο
2253 1626 2352 1680 act
2393 1639 2462 1679 as
2504 1618 2759 1679 Proctor
2796 1618 2869 1679 in

646 1700 795 1842 2221
804 1703 996 1762 (Jourt
1036 1701 1105 1776 of
1152 1700 1358 1772 Rome,
1407 1707 1512 1760 not
1563 1707 1620 1760 ιο
1673 1699 1738 1759 be
1785 1699 1934 1760 used
1981 1706 2184 1779 except
2233 1699 2303 1759 in
2349 1719 2484 1760 case
2532 1699 2603 1778 of
2648 1707 2867 1778 urqent

568 1923 1126 1983 Pnocunmomuu
1166 1922 1204 1982 J
1227 1924 1552 2000 [onmms]
1597 1940 1684 1982 nn
1735 1921 2581 1985 Bumnnnnrn.-—Universis
2631 1922 2867 1984 Christi

403 2027 712 2096 fidelibus,
759 2033 904 2099 etc.,
949 2028 1243 2099 Thomas,
1289 2035 1432 2099 etc„
1479 2027 1769 2098 salutem,
1829 2035 1950 2088 etc.
2056 2028 2149 2087 Ad
2205 2027 2669 2108 impetrandum
2729 2035 2862 2090 tam

402 2131 646 2192 litteras
685 2132 888 2210 gracie
931 2152 1122 2212 quam
1161 2133 1512 2192 communis
1552 2132 1826 2210 justicie,
1872 2153 2114 2193 necnon
2160 2133 2238 2193 ad
2284 2133 2893 2212 contradicendum,-

400 2246 544 2308 etc.,
590 2238 888 2298 dilectum
933 2238 1112 2298 nobis
1154 2239 1219 2297 in
1277 2237 1528 2299 Christo
1578 2239 1945 2318 magistrum
1997 2239 2037 2299 J
2043 2239 2357 2299 ohannem
2402 2239 2479 2300 de
2523 2241 2865 2319 Buterleye

397 2345 464 2406 in
527 2346 814 2405 Romana
876 2345 1064 2406 Curia
1123 2355 1410 2405 nostrum
1479 2344 1746 2404 facimus
1820 2345 2318 2417 Procuratorem,
2390 2352 2510 2406 etc.
2620 2346 2861 2406 Datum

397 2450 762 2522 Londoniis,
809 2450 1025 2512 Idibus
1075 2451 1362 2528 Augusti,
1408 2470 1576 2510 anno
1623 2450 1828 2529 gracie
1880 2451 2313 2512 M⁰GG⁰LXX⁰
2356 2471 2542 2512 nono,
2628 2451 2717 2512 Et
2769 2452 2863 2512 in-

393 2557 680 2636 junctum
745 2563 840 2618 est
898 2556 1066 2617 dicto
1125 2558 1423 2636 magistro
1480 2557 1520 2618 J
1533 2555 1816 2638 [ohanni]
1869 2558 2035 2636 quod
2088 2575 2203 2618 suo
2253 2557 2680 2636 procuratorio
2733 2578 2862 2619 non

395 2672 613 2724 utatur
653 2664 774 2724 alio
823 2664 1249 2742 procuratorio
1305 2664 1674 2734 revocand0,
1719 2663 1843 2724 nisi
1887 2664 2098 2744 aliqua
2150 2664 2533 2725 necessitate
2576 2672 2861 2743 urgente.

397 2932 560 2995 June
599 2933 948 2994 25.—Writ
999 2942 1056 2995 ιο
1107 2932 1336 2994 Walter
1390 2933 1641 3013 Hopton
1686 2931 1990 3013 directinq
2035 2933 2165 2994 him
2206 2941 2265 2995 ιο
2310 2933 2452 2995 hold
2494 2933 2749 3013 inquiry
2791 2942 2861 2995 αι

638 3014 1068 3093 Aberqavenny
1109 3035 1180 3075 as
1225 3022 1282 3075 ιο
1321 3014 1585 3075 whether
1628 3014 1725 3075 the
1781 3034 1928 3075 corn
1968 3015 2093 3075 and
2134 3014 2301 3075 stock
2350 3022 2417 3075 αι
2475 3016 2573 3077 the
2633 3015 2855 3088 Gastlc,

637 3094 832 3157 worth
878 3098 1018 3157 ³677
1056 3098 1144 3155 4³.
1195 3094 1356 3173 fid„
1405 3115 1554 3155 were
1612 3095 1853 3156 handed
1906 3116 2045 3157 over
2101 3103 2159 3156 ιο
2207 3096 2389 3156 Peter
2435 3096 2508 3156 de
2557 3095 2860 3175 Montfort

639 3175 710 3235 in
748 3179 912 3237 1260
951 3176 1022 3237 in
1065 3176 1162 3237 the
1201 3196 1376 3237 name
1417 3177 1486 3255 os
1521 3176 1758 3255 Bishop
1801 3176 1985 3237 John.

559 3331 851 3390 mem
913 3330 1122 3391 ans
1180 3348 1266 3389 mn
1331 3331 2224 3402 BnnxsvnNY.—Edwardus,
2272 3330 2392 3391 Dei
2434 3332 2663 3409 gracia,
2711 3338 2858 3405 etc„

394 3436 624 3497 dilecto
665 3448 729 3497 et
784 3436 955 3496 fideli
1009 3454 1123 3496 suo
1168 3436 1448 3496 Waltero
1506 3437 1583 3496 de
1640 3437 1943 3515 Hoptone
2001 3437 2293 3497 salutem.
2404 3436 2633 3497 Sciatis
2690 3439 2859 3517 quod

393 3543 849 3621 assignavimus
876 3562 988 3603 vos
1024 3542 1104 3602 ad
1137 3542 1599 3621 inquirendum,
1631 3562 1905 3603 unacum
1943 3542 2065 3602 hiis
2099 3562 2256 3621 quos
2288 3542 2461 3602 vobis
2495 3543 2859 3603 duxerimus

394 3649 760 3719 associatos,
806 3668 916 3727 per
963 3657 1430 3708 sacramentum
1480 3649 1817 3726 proborum
1864 3655 1927 3708 et
1978 3648 2270 3727 legalium
2336 3648 2710 3726 [hominum]
2780 3649 2859 3709 de

395 3754 763 3832 Berkeveny
805 3760 868 3813 et
908 3754 985 3813 de
1027 3754 1270 3813 visneto
1314 3754 1616 3832 ejusdem,
1649 3760 1792 3824 etc.,
1831 3754 1940 3832 qui
1982 3754 2156 3813 nulla
2200 3753 2501 3813 affinitate
2542 3754 2858 3832 attingant

394 3867 760 3921 executores
807 3860 1174 3921 testamenti
1224 3860 1537 3920 Johannis
1589 3859 1890 3930 Britonis,
1938 3858 2254 3939 quondam
2308 3857 2605 3936 Episcopi
2656 3860 2858 3919 Here·

393 3966 722 4039 fordensis,
781 3973 843 4027 et
898 3967 1265 4045 magistrum
1325 3967 1633 4025 Thomam
1694 3966 1770 4026 de
1823 3965 2181 4043 Cantilupo,
2242 3984 2411 4025 nunc
2470 3965 2856 4043 Episcopum

393 4072 512 4133 loci
553 4072 740 4143 illius,
787 4074 903 4151 vel·
927 4072 1187 4132 Petrum
1232 4072 1308 4131 de
1355 4070 1573 4132 Monte
1629 4071 1828 4142 Forti,
1875 4072 2071 4130 filium
2116 4081 2179 4131 et
2223 4069 2518 4130 heredem
2565 4071 2735 4129 Petri
2780 4070 2858 4130 de

395 4179 614 4239 Monte
675 4178 884 4249 Forti;
946 4184 1010 4237 et
1073 4178 1126 4236 si
1188 4176 1506 4256 predictus
1568 4176 1895 4237 Johannes
1955 4174 2263 4247 liberavit,
2317 4174 2378 4253 xj
2442 4173 2543 4235 die
2604 4176 2853 4253 Aprilis,

398 4303 564 4344 anno
623 4285 798 4361 regni
859 4284 1114 4343 Domini
1181 4282 1440 4342 Henrici
1510 4281 1717 4361 Regis,
1779 4282 1978 4361 patris
2042 4278 2261 4351 nostri,
2330 4280 2507 4357 xliiij,
2575 4280 2858 4359 predicto

399 4389 607 4459 Petro,
665 4388 829 4466 patri
888 4388 1150 4466 predicti
1213 4388 1405 4458 Petri,
1467 4388 1654 4447 blada
1717 4396 1780 4447 et
1840 4387 2195 4446 instaurum
2262 4384 2326 4444 in
2389 4384 2614 4445 Castro
2670 4392 2735 4446 et
2789 4388 2858 4447 in

397 4494 679 4554 manerio
732 4494 810 4553 de
867 4494 1256 4569 Berkeveny,
1321 4492 1512 4572 precii
1568 4492 1762 4570 lxxvij
1828 4492 1966 4551 libr.
2028 4491 2184 4570 iiijs.
2252 4498 2315 4551 et
2372 4490 2459 4569 iiij
2477 4490 2537 4551 d.
2602 4496 2666 4551 et
2728 4491 2854 4564 ob.,

398 4606 470 4659 ut
526 4598 788 4677 predicti
831 4605 1193 4659 executores
1251 4606 1314 4658 et
1374 4598 1670 4675 magister
1727 4597 2003 4657 Thomas
2061 4595 2317 4666 dicunt;
2378 4596 2480 4655 vel
2537 4595 2591 4655 si
2648 4596 2858 4657 dictus

397 4704 722 4766 Johannes
779 4703 1026 4783 prefata
1081 4703 1268 4763 blada
1325 4710 1388 4763 et
1444 4703 1800 4763 instaurum
1860 4703 2061 4762 eidem
2128 4703 2316 4761 Petro
2359 4720 2485 4761 non
2526 4700 2855 4775 liberavit;

400 4818 466 4870 et
521 4810 574 4871 si
622 4809 788 4869 idem
845 4810 1072 4871 Petrus
1128 4809 1314 4869 blada
1354 4809 1464 4869 illa
1505 4820 1570 4870 et
1613 4810 1965 4869 instaurum
2008 4828 2136 4867 non
2179 4807 2420 4879 habuit,
2466 4814 2578 4866 aut
2618 4808 2857 4886 recepit

396 4936 508 4996 per
575 4916 923 4994 predictum
992 4915 1348 4976 Johannem
1419 4922 1529 4975 aut
1587 4934 1701 4994 per
1766 4912 1982 4986 alium,
2048 4932 2163 4973 nec
2224 4913 2423 4973 eciam
2487 4912 2570 4973 ad
2624 4931 2857 4975 manus
