3619 5868
83 3811 164 3850 1²01.
193 3813 248 3852 11.

1169 542 1470 623 Episcopi
1523 542 1597 601 H
1592 540 2006 621 ereforden-xis.
2737 545 2815 606 27

356 794 514 855 Nov.
558 798 634 853 21
645 792 1040 854 .——Mandate
1097 799 1156 853 to
1213 792 1310 853 his
1373 791 1612 871 Official
1668 798 1726 851 to
1782 792 1999 853 induet
2053 791 2299 853 Martin
2350 792 2425 853 de
2482 792 2817 871 Chambery

606 882 665 935 to
725 874 824 935 the
888 873 1136 935 Ghurch
1193 874 1264 953 os
1319 874 1592 933 Stretton
1651 872 2009 933 Grandison
2073 873 2227 933 with
2296 873 2393 934 the
2465 873 2697 952 Ghapel
2727 874 2827 964 os

605 956 964 1035 Ashperton,
1031 954 1258 1033 thouqh
1321 953 1419 1015 the
1485 952 1642 1015 seals
1704 958 1768 1033 ο]
1838 954 1935 1015 the
1998 953 2285 1031 Official’s
2354 953 2815 1025 commissaries,

603 1036 736 1097 who
794 1036 944 1097 have
995 1034 1271 1115 reported
1328 1034 1426 1096 the
1472 1034 1693 1095 results
1739 1035 1809 1114 os
1852 1034 1950 1096 the
1996 1035 2183 1095 usual
2229 1034 2502 1115 inquii-y,
2552 1055 2657 1095 are
2702 1054 2816 1095 un·

605 1118 824 1179 known
871 1124 929 1178 to
981 1116 1078 1177 the
1125 1116 1380 1195 Bishop.

521 1274 903 1335 Suum-om
941 1289 1026 1331 m·
1071 1270 1857 1342 mamona—mmmm,
1898 1276 2035 1342 etc..
2067 1270 2331 1331 Officiali
2376 1291 2490 1332 suo
2530 1271 2815 1344 salutem,

354 1386 476 1443 etc.
577 1380 893 1441 Martinus
951 1379 1029 1440 de
1087 1376 1468 1449 CameriacO,
1523 1376 1849 1457 presbiter,
1899 1376 2081 1438 nobis
2138 1397 2340 1457 nuper
2396 1378 2474 1437 ad
2521 1378 2818 1440 vicariam

353 1486 618 1549 ecclesie
679 1487 801 1565 [de]
863 1486 1186 1547 strattone
1255 1490 1319 1546 et
1389 1484 1783 1564 caponariam
1855 1484 1933 1545 de
2002 1484 2353 1564 Aspertone
2415 1485 2493 1545 ad
2555 1485 2819 1546 eandem

357 1598 755 1673 spectantem
824 1596 1241 1672 presentatus,
1311 1590 1554 1652 litteras
1624 1591 2065 1671 magistrorum
2130 1590 2229 1651 W.
2290 1596 2354 1652 et
2424 1591 2674 1651 Ricardi
2744 1593 2821 1652 de

357 1698 678 1778 Heytone,
742 1697 1312 1759 commissariorum
1376 1702 1745 1768 vestrorum,
1805 1717 1995 1777 super
2056 1697 2467 1778 inquisicione
2522 1697 2688 1759 facta
2742 1699 2820 1759 de

353 1804 543 1866 dictis
579 1803 810 1865 vicaria
843 1808 906 1864 et
944 1802 1276 1883 capellaria
1313 1822 1387 1862 ac
1424 1821 1691 1881 persona
1728 1821 1861 1872 sua,
1900 1806 1973 1863 ut
2010 1802 2181 1874 dicit,
2220 1802 2401 1865 nobis
2439 1804 2719 1865 exhibuit
2756 1810 2820 1866 et

353 1916 566 1973 cetera
610 1910 842 1981 omnia,
885 1910 1050 1970 siout
1099 1909 1460 1970 continetur
1501 1908 1565 1967 in
1615 1908 1825 1969 littera
1876 1908 2307 1989 inquisicionis
2357 1930 2479 1989 que
2520 1914 2617 1971 est
2657 1910 2823 1973 inter

349 2016 526 2077 alias.
641 2016 822 2077 Licet
889 2019 1102 2076 autem
1171 2014 1373 2094 sigilla
1442 2014 1628 2075 dictis
1703 2014 1930 2076 litteris
2008 2034 2285 2094 appensa
2360 2015 2614 2095 penitus
2690 2016 2820 2078 sint

353 2123 538 2185 nobis
607 2122 943 2203 incognita,
1009 2127 1221 2183 tamen
1289 2121 1468 2183 vobis
1537 2122 1911 2183 mandamus
1981 2122 2278 2201 quatinus
2347 2122 2586 2182 dictum
2646 2144 2816 2203 pres-

357 2228 630 2290 biterum
695 2230 760 2287 in
825 2228 1210 2308 corporalem
1271 2226 1736 2307 possessionem
1795 2226 2107 2288 dictarum
2170 2227 2398 2289 vicarie
2461 2232 2525 2290 et
2586 2228 2821 2309 capelle
2908 2264 2915 2271 ·

351 2334 688 2396 inducatis.
789 2333 1084 2395 Valeatis.
1186 2333 1424 2393 Datum
1489 2332 1853 2404 Londoniis,
1922 2333 1983 2412 xj
2051 2333 2369 2395 Kalendas
2430 2334 2816 2407 Decembris,

351 2459 522 2500 anno
579 2438 839 2499 Domini
895 2437 1330 2500 M⁰GG⁰LXX⁰
1383 2437 1624 2517 quinto.

352 2736 508 2797 Nov.
553 2740 652 2797 25.
654 2734 1036 2795 -Mamzate
1080 2740 1138 2794 to
1180 2732 1398 2794 induet
1443 2740 1501 2795 to
1545 2732 1642 2793 the
1683 2732 1939 2811 custody
1979 2733 2051 2812 of
2082 2752 2191 2795 one
2232 2733 2483 2813 portion
2522 2736 2593 2814 of
2624 2734 2819 2796 Llan-

597 2836 802 2876 warne
843 2814 1037 2893 Huqh
1083 2814 1157 2875 de
1205 2813 1494 2893 Redoliff,
1529 2814 1849 2894 presented
1894 2814 1970 2893 by
2015 2814 2113 2876 the
2154 2814 2342 2875 Prior
2380 2815 2509 2876 and
2554 2815 2823 2877 Conveni

597 2899 668 2978 os
700 2896 1015 2976 Llantony
1056 2894 1294 2956 Prima.

515 3055 654 3116 Pno
695 3073 926 3117 wuzm
967 3070 1308 3115 Ponomms
1350 3070 1438 3112 ns
1481 3052 2286 3114 LAnnwAnAn.—Offioiali.
2387 3053 2549 3128 Quia
2589 3053 2820 3115 dilecto

349 3161 483 3222 filio
523 3161 825 3241 magistro
867 3159 1126 3239 Hugoni
1168 3159 1246 3219 de
1288 3158 1637 3229 Redeclive,
1681 3159 1762 3219 ad
1797 3158 2159 3238 porcionem
2198 3159 2458 3220 ecclesie
2494 3160 2573 3222 de
2611 3159 2817 3222 Land-

351 3286 568 3327 waran
624 3271 690 3326 et
744 3265 1122 3345 capellarum
1181 3264 1262 3324 ad
1323 3264 1586 3324 eandem
1643 3263 2074 3343 spectancium
2136 3265 2218 3325 ad
2276 3265 2819 3344 presentacionem

352 3372 590 3432 Prioris
629 3375 694 3432 et
732 3370 1095 3431 Conventus
1132 3369 1443 3430 Lantonie
1479 3369 1680 3448 prime
1719 3373 2111 3448 spectantem
2146 3375 2509 3449 presentato
2542 3391 2653 3451 per
2689 3391 2816 3444 eos,

355 3477 710 3538 custodiam
765 3475 1198 3536 commisimus
1253 3474 1566 3554 porcionis
1621 3474 1821 3554 ipsius
1875 3495 2075 3555 usque
2130 3476 2208 3536 ad
2272 3477 2500 3537 Natale
2558 3477 2817 3538 Domini

356 3582 642 3662 proximo
691 3599 999 3661 sequens;
1058 3579 1234 3642 vobis
1283 3581 1657 3642 mandamus
1705 3581 2005 3660 quatinus
2052 3581 2260 3662 ipsum
2310 3582 2668 3662 Hugonem,
2718 3585 2817 3646 vel

353 3687 832 3748 Procuratorem
902 3685 1058 3765 ejus,
1115 3685 1178 3744 in
1250 3686 1633 3765 corporalem
1702 3686 2165 3765 possessionem
2235 3687 2434 3766 ipsius
2501 3689 2817 3768 porcionis

354 3794 611 3855 nomine
667 3793 949 3854 custodie
1003 3792 1316 3853 inducatis
1371 3792 1438 3851 in
1506 3791 1707 3853 forma
1760 3793 2059 3871 predicta.
2163 3794 2460 3856 Valeatis.
2574 3796 2811 3856 Datum

357 3901 522 3980 apud
583 3899 1034 3979 Schyreburne,
1091 3898 1175 3978 vij
1237 3898 1554 3959 Kalendas
1610 3898 1996 3969 Decembris,
2053 3919 2219 3960 anno
2274 3901 2651 3979 supradicto.

357 4199 500 4260 Dec.
547 4202 648 4260 18.
649 4197 1104 4258 —Institution
1159 4204 1217 4258 to
1275 4197 1372 4257 the
1432 4195 1678 4257 throh
1725 4196 1794 4277 of
1853 4195 2046 4258 Welsh
2093 4195 2363 4258 Bieknor
2409 4198 2479 4278 of
2521 4198 2689 4260 John
2738 4200 2815 4262 de

601 4279 908 4357 Ledbury,
943 4277 1262 4358 presented
1312 4277 1387 4357 by
1438 4277 1536 4339 the
1583 4276 1771 4338 Prior
1818 4277 1944 4337 and
1996 4277 2261 4338 Convent
2308 4278 2379 4357 of
2418 4279 2794 4342 Moumouth.

520 4433 903 4494 Imm-0010
943 4450 1030 4492 nn
1073 4433 1465 4493 anuotmn
1507 4431 1799 4493 vinnm
1805 4431 2193 4502 .—Thomas,
2238 4437 2375 4504 etc„
2418 4433 2695 4494 «Iohanni
2736 4436 2815 4498 de

361 4540 708 4620 Ledebury,
770 4538 1134 4620 presbiter0,
1204 4539 1490 4609 salutem,
1554 4543 1672 4599 etc.
1778 4538 1874 4597 Ad
1942 4537 2270 4598 ecclesiam
2337 4537 2415 4598 de
2484 4539 2815 4618 Bykenore

363 4645 740 4716 walensem,
796 4649 1144 4715 vacantem,
1201 4649 1265 4704 te
1320 4641 1400 4703 ad
1453 4642 1993 4723 presentacionem
2046 4641 2475 4722 religiosorum
2520 4643 2812 4719 virorum,

359 4751 596 4812 Prioris
637 4754 702 4811 et
746 4749 1109 4812 Conventus
1152 4749 1229 4810 de
1270 4749 1704 4819 Monemuthe,
1733 4767 2023 4809 verorum
2065 4753 2471 4828 patronorum
2512 4751 2813 4830 ejusdem,

359 4857 754 4918 admittimus
823 4861 888 4917 et
956 4855 1253 4917 canonice
1327 4851 1718 4915 instituimus
1793 4854 1858 4913 in
1928 4854 2165 4915 eadem.
2276 4854 2356 4914 In
2425 4855 2623 4935 cujus,
2694 4864 2812 4920 etc.

361 4963 600 5025 Datum
649 4962 816 5042 apud
863 4961 1260 5041 Prestebury,
1303 4981 1383 5022 xv
1433 4960 1749 5022 Kalendas
1796 4960 1838 5021 J
1840 4960 2097 5030 anuarii,
2140 4980 2307 5022 anno
2354 4963 2731 5041 supradicto.
