3619 5868
1187 551 1485 631 Episcopi
1540 551 2023 632 Heresordensis.
2758 559 2838 621 37

371 770 540 833 imus
587 774 886 835 canonice
933 774 1000 835 in
1047 775 1290 838 eadem.
1417 776 1496 836 In
1547 779 1747 857 cujus,
1807 784 1927 840 etc.
2056 780 2293 842 Datum
2347 782 2737 855 Herefordie,
2797 802 2838 845 x

371 876 698 940 Kalendas
754 879 997 952 Marcii,
1044 900 1225 940 anno
1281 882 1538 942 Domini
1598 883 2031 944 M⁰GC⁰LXX⁰
2086 886 2326 965 quinto.

535 1009 914 1071 Mandatum
957 1018 1055 1073 est
1097 1012 1364 1075 officiali
1404 1013 1573 1094 quod
1612 1016 1828 1076 mittat
1870 1035 2015 1076 eum
2059 1018 2123 1076 in
2166 1019 2553 1097 corporalem
2590 1038 2838 1099 posses-

370 1134 638 1179 sionem.

367 1398 512 1459 Dec.
569 1402 666 1469 26,
724 1400 1117 1461 1275.-The
1178 1401 1346 1478 Κώης]
1411 1401 1575 1462 takes
1637 1402 1831 1462 under
1896 1402 1990 1463 his
2046 1403 2384 1481 protection
2444 1404 2541 1463 the
2604 1404 2830 1481 Priory

612 1480 682 1559 of
733 1480 1131 1551 Leominster,
1201 1504 1242 1541 a
1301 1482 1414 1542 cell
1474 1484 1544 1561 of
1603 1483 1887 1560 Readinq
1956 1484 2176 1561 Abbey‚
2236 1484 2513 1562 founded
2584 1485 2658 1561 by
2732 1484 2829 1545 his

611 1569 933 1631 ancestorS,
975 1562 1178 1623 which
1221 1564 1276 1623 is
1326 1564 1558 1641 qreatly
1609 1564 1678 1623 in
1724 1565 1881 1635 deba,
1932 1565 2057 1623 and
2105 1565 2267 1641 qives
2322 1564 2417 1625 the
2467 1565 2717 1642 custody
2767 1566 2837 1645 of

613 1642 695 1701 its
737 1650 954 1703 estates
999 1650 1056 1703 to
1101 1643 1211 1703 Sir
1251 1644 1500 1703 Roland
1540 1644 1612 1704 de
1647 1645 1885 1723 Harley
1937 1652 1994 1705 to
2046 1645 2301 1723 provide
2348 1647 2457 1725 for
2513 1666 2827 1723 vwcessary

611 1730 807 1783 wants
849 1723 976 1784 and
1021 1724 1117 1783 the
1151 1745 1320 1803 poor.

529 1890 824 1950 ernm
893 1890 1100 1951 Rners
1172 1909 1260 1951 nn
1341 1892 2128 1963 Ramnes-Edwardus,
2205 1892 2327 1953 Dei
2408 1894 2619 1972 gracia
2700 1893 2835 1955 Rex

363 1997 610 2075 Anglie,
657 1996 968 2057 Dominus
1024 1998 1367 2075 Hybernie,
1413 2004 1475 2058 et
1533 1998 1679 2059 Dux
1736 1999 2139 2078 Aquitannie,
2191 1999 2485 2059 omnibus
2541 2002 2622 2059 ad
2673 2018 2833 2079 quos

361 2112 691 2182 presentes
738 2104 947 2165 littere
996 2104 1393 2183 pervenerint
1443 2104 1730 2164 salutem.
1837 2104 1902 2165 Si
1954 2104 2123 2183 piam
2168 2105 2594 2165 intencionem
2641 2124 2833 2184 quam

360 2210 795 2289 progenitores
823 2210 1042 2281 nostri,
1077 2211 1276 2289 Reges
1308 2210 1544 2289 Anglie,
1579 2211 1641 2270 in
1677 2209 2052 2270 fundacione
2081 2210 2306 2270 domus
2351 2217 2415 2269 et
2461 2210 2829 2271 Monasterii
2910 2276 2917 2283 ,

361 2315 441 2375 de
472 2315 755 2394 Radinge
783 2336 905 2396 que
933 2315 1013 2377 ab
1043 2316 1279 2377 eisdem
1308 2316 1582 2394 Regibus
1609 2314 1975 2376 immediate
2005 2320 2354 2376 noscuntur
2377 2333 2517 2375 esse
2542 2314 2829 2389 fundata,

358 2421 693 2500 diligenter
710 2424 777 2482 in
800 2422 1012 2482 animo
1033 2422 1448 2493 revolvamuS,
1473 2422 1756 2501 ejusdem
1779 2421 2005 2484 domus
2029 2423 2350 2483 iminentis
2372 2422 2825 2484 destruccionis

356 2527 640 2606 periculo
679 2536 970 2589 tenemur
1003 2528 1187 2587 celeri
1218 2528 1492 2589 remedio
1521 2527 1872 2599 subvenire,
1905 2548 1985 2587 ne
2013 2527 2325 2588 dictorum
2354 2528 2829 2607 progenitorum

357 2633 426 2691 in
457 2632 577 2693 hac
604 2638 783 2712 parte
811 2632 1136 2693 fraudetur
1164 2634 1458 2704 intenci0,
1493 2642 1556 2693 et
1586 2643 1657 2693 ut
1688 2634 1987 2711 ipsorum,
2022 2652 2148 2692 non
2179 2634 2385 2693 solum
2413 2652 2525 2711 pro
2554 2652 2630 2693 eo
2657 2634 2827 2713 quod

355 2737 501 2817 ipsa
528 2738 754 2799 domus
781 2758 894 2818 pro
923 2740 1075 2817 ipsis
1102 2750 1167 2799 et
1198 2740 1376 2799 nobis
1414 2739 1767 2818 nostrisque
1796 2739 2263 2814 successoribus
2296 2738 2561 2799 fundata
2590 2740 2824 2812 extitit,

356 2863 580 2905 verum
608 2846 808 2905 eciam
837 2851 1142 2925 tanquam
1177 2864 1336 2906 nove
1368 2845 1762 2905 fundacionis
1793 2864 1904 2906 seu
1933 2846 2341 2906 relevacionis
2369 2846 2593 2906 domus
2623 2846 2822 2924 ipsius

355 2956 649 3011 auctores
677 2962 868 3031 atque
896 2950 1234 3030 participes
1263 2950 1398 3011 fieri
1439 2951 1799 3012 debeamus.
1888 2951 2049 3012 Cum
2077 2952 2290 3030 itaque
2318 2951 2543 3011 domus
2578 2952 2718 3030 ipsa
2746 2953 2830 3013 sit

353 3057 422 3116 in
481 3058 702 3119 multis
750 3059 1014 3119 summis
1063 3059 1325 3137 pecunie
1374 3059 1694 3119 nonnullis
1744 3057 2155 3119 creditoribus
2204 3058 2499 3137 obligata,
2547 3059 2629 3118 ad
2669 3077 2831 3138 quas

354 3164 697 3225 solvendas
739 3163 976 3244 absque
1019 3165 1431 3225 distraccione
1463 3184 1672 3226 rerum
1702 3175 1765 3224 et
1797 3165 2101 3224 bonorum
2132 3180 2389 3224 suorum
2418 3182 2544 3224 non
2574 3163 2822 3236 sufficit,

353 3269 482 3330 nisi
537 3269 738 3349 ipsius
797 3277 862 3330 et
922 3270 1342 3331 membrorum
1403 3289 1658 3330 suorum
1723 3269 1805 3330 ad
1868 3276 2118 3349 tempus
2183 3289 2453 3348 expense
2513 3269 2827 3348 superflue

352 3383 750 3448 resecentur3
795 3394 914 3437 nos
956 3377 1239 3454 ejusdem
1282 3377 1507 3437 domus
1548 3377 1991 3456 conpacientes
2032 3377 2245 3449 statui,
2290 3384 2355 3438 et
2392 3377 2457 3436 in
2498 3378 2719 3438 eadem
2746 3359 2827 3439 'et

350 3481 658 3542 membris
703 3482 838 3543 Deo
881 3483 1291 3542 serviencium
1336 3483 1820 3543 exhoneracioni
1867 3482 2191 3562 providere
2240 3483 2524 3543 volentes
2568 3483 2829 3544 domum

351 3606 474 3648 seu
513 3587 738 3648 cellam
780 3588 858 3649 de
900 3589 1339 3660 Leoministre,
1386 3589 1871 3650 Herefordensis
1911 3588 2198 3660 diocesis,
2235 3589 2317 3649 ad
2365 3587 2826 3649 Monasterium

349 3693 714 3772 predictum
764 3694 841 3754 de
889 3694 1173 3774 Radinge
1223 3695 1409 3772 pleno
1453 3694 1592 3773 jure
1642 3701 2059 3773 spectantem,
2105 3695 2388 3773 cepimus
2447 3695 2513 3755 in
2562 3715 2824 3756 manum

351 3804 661 3873 nostram,
727 3810 791 3861 et
835 3802 900 3860 in
956 3800 1381 3861 defensionem
1439 3807 1739 3872 nostram,
1784 3800 1979 3860 veluti
2031 3800 2111 3861 ad
2159 3811 2497 3879 patronum
2550 3802 2824 3879 pertinet

347 3905 670 3982 ejusdem;
713 3923 788 3966 ac
821 3905 1101 3965 omnium
1141 3925 1348 3966 rerum
1388 3913 1451 3966 et
1489 3906 2020 3984 pertinenciarum
2064 3923 2322 3966 suarum
2361 3905 2716 3966 custodiam
2755 3907 2823 3966 in

349 4010 810 4090 temporalibus
839 4011 1070 4072 dilecto
1098 4012 1279 4072 nobis
1308 4011 1640 4071 Ronlando
1667 4011 1744 4071 de
1775 4011 2071 4090 Herleye,
2098 4011 2300 4084 militi,
2327 4011 2817 4084 committenteS,

350 4136 430 4176 ac
487 4116 888 4196 injungentes
937 4117 1137 4178 eidem
1190 4117 1376 4198 quod,
1421 4117 1682 4188 fructus,
1733 4116 2036 4188 reddituS,
2087 4127 2153 4177 et
2202 4127 2543 4195 proventus
2594 4116 2821 4178 domus

347 4223 636 4303 predicte
693 4223 962 4285 fideliter
1017 4224 1315 4302 colligens
1374 4233 1436 4283 et
1495 4242 1895 4294 conservans,
1939 4223 2179 4283 decano
2240 4228 2302 4284 et
2363 4223 2703 4301 capellanis
2750 4222 2818 4283 in

349 4329 579 4390 eadem
623 4329 760 4390 Deo
801 4328 1252 4390 famulantibus
1293 4329 1648 4390 necessaria
1690 4331 1756 4388 in
1797 4329 1968 4389 victu
2010 4335 2073 4388 et
2101 4327 2337 4388 vestitu
2388 4334 2818 4406 competenter

343 4435 649 4506 inveniet,
694 4455 768 4495 ac
815 4435 1194 4514 pauperibus
1249 4434 1772 4507 mendicantibus,
1820 4433 2167 4494 secundum
2218 4433 2385 4512 quod
2449 4439 2623 4494 carte
2679 4453 2821 4511 pre·

339 4541 663 4602 dictorum
717 4540 1125 4602 fundatorum
1180 4541 1522 4621 requirunt,
1582 4540 1813 4600 ibidem
1868 4539 2245 4599 elemosinas
2310 4549 2522 4617 eroget
2584 4538 2820 4598 intuitu

344 4648 656 4708 caritatis·
741 4647 1050 4708 Volumus
1092 4654 1307 4708 autem
1349 4646 1535 4727 quod,
1567 4646 1867 4707 resecatis
1910 4645 2243 4724 superfluis
2295 4652 2429 4705 tam
2472 4645 2537 4703 in
2581 4644 2821 4705 familia

341 4773 540 4836 quam
583 4753 876 4833 expensis
917 4754 1077 4825 aliis,
1123 4763 1185 4814 et
1234 4755 1558 4832 potissime
1601 4753 1664 4812 in
1715 4752 2301 4830 supervenientibus
2349 4751 2531 4829 juxta
2580 4751 2818 4815 Statuti

65 4877 146 4916 μοι.
176 4877 260 4920 ub.
341 4860 550 4921 nostri
578 4866 881 4931 tenorem,
905 4859 1226 4920 residuum
1255 4859 1610 4919 reddituum
1643 4866 1706 4919 et
1735 4867 2151 4936 proventuum
2176 4857 2416 4935 prefate
2444 4855 2673 4916 domus
2702 4874 2815 4934 per

341 4967 574 5047 ipsum,
605 4985 718 5046 per
746 4965 948 5026 visum
979 4965 1243 5026 Abbatis
1281 4973 1344 5026 et
1387 4965 1618 5025 Prior-is
1661 4965 1738 5025 de
1782 4964 2068 5042 Radinge
2110 4970 2172 5024 et
2215 4963 2481 5023 aliorum
2529 4981 2685 5042 quos
2734 4961 2819 5023 ad
