3619 5868
107 3918 208 3958 Fox.
235 3920 298 3959 ⁴7.

1249 435 1548 514 Episcopi
1603 437 1674 494 H
1672 437 2085 516 erefordensz's.
2780 445 2897 503 169

440 654 540 715 die
583 656 1000 718 confeccionis
1043 659 1436 736 presencium
1477 680 1591 739 per
1622 660 1779 722 duos
1813 682 2013 722 annos
2050 663 2383 724 continuos
2417 665 2659 725 tradere
2696 665 2897 744 possit

435 760 515 820 ad
562 760 810 822 firmam
859 763 1144 824 honestis
1193 764 1466 835 clericis3
1524 771 1588 826 et
1636 766 1925 828 volumus
1971 769 2138 847 quod
2178 770 2529 848 predictum
2570 777 2898 851 argentum

436 886 552 945 per
593 868 796 928 visum
839 875 1120 930 vestrum
1163 871 1260 930 vel
1317 871 1572 932 alterius
1621 871 1894 932 ministri
1936 873 2136 934 nostri
2177 874 2244 933 in
2286 895 2438 935 usus
2500 881 2903 936 convertatur

430 973 832 1053 prescriptos
932 974 1229 1035 Valeatis.
1330 975 1567 1036 Datum
1633 977 1995 1048 Londoniis,
2057 979 2123 1037 in
2185 979 2411 1058 Vigilia
2471 981 2897 1050 Pentecostes,

434 1078 946 1142 Consecracionis
1003 1086 1215 1141 nostre
1275 1083 1486 1160 [anno]
1548 1082 1757 1143 tercio.

436 1362 590 1440 May
632 1361 963 1423 21.—The
1031 1361 1198 1440 Kiny
1268 1363 1537 1442 requires
1610 1363 1706 1424 the
1776 1364 2013 1444 Bishop
2080 1372 2186 1426 ποι
2258 1373 2315 1426 ιο
2382 1367 2591 1427 molest
2647 1367 2901 1447 further

684 1443 950 1522 Stephen
986 1443 1059 1503 de
1110 1444 1202 1503 St.
1261 1444 1503 1522 Georye,
1542 1445 1879 1523 portioni-st
1917 1447 1987 1525 of
2024 1447 2317 1525 Burford,
2362 1447 2493 1508 who
2538 1469 2607 1509 as
2653 1469 2693 1508 a
2736 1449 2899 1509 clerk

675 1524 746 1583 in
811 1523 906 1584 his
963 1524 1186 1584 service
1248 1525 1304 1585 is
1358 1533 1463 1586 not
1521 1525 1721 1586 bound
1779 1533 1837 1586 to
1891 1526 2105 1598 reside,
2149 1547 2218 1588 or
2262 1528 2516 1607 proceed
2572 1535 2629 1589 to
2688 1530 2901 1608 hiqher

683 1605 921 1665 Orders.

596 1775 730 1833 PRo
769 1774 1114 1835 Smpnmo
1149 1793 1235 1834 nn
1275 1775 1526 1836 SAncro
1561 1775 2331 1847 GEORG10.—Edwardus‚
2368 1777 2487 1838 Dei
2520 1779 2727 1857 gracia
2760 1779 2895 1839 Rex

433 1879 670 1959 Anglie,
701 1885 839 1950 etc„
870 1880 1224 1941 Venerabili
1253 1880 1318 1939 in
1349 1881 1601 1942 Christo
1635 1881 1828 1952 Patri,
1864 1882 2081 1942 eadem
2115 1883 2322 1962 gracia
2350 1883 2665 1962 Episcopo
2696 1884 2892 1944 Here-

429 1985 720 2056 fordensi,
752 1985 1038 2046 salutem.
1125 1986 1558 2046 Intelleximus
1587 1987 1754 2066 quod
1780 2007 1893 2048 vos
1928 1986 2225 2048 dilectum
2260 1988 2551 2048 clericum
2586 1994 2893 2060 nostrum,

428 2093 798 2170 magistrum
851 2092 1242 2170 Stephanum
1285 2093 1362 2152 de
1407 2093 1638 2153 Sancto
1681 2093 1969 2172 GeorgiO,
2011 2093 2473 2172 porcionarium
2514 2094 2774 2155 ecclesie
2816 2096 2893 2156 de

429 2198 755 2268 Bureford,
795 2203 1002 2259 vestre
1040 2198 1323 2269 diocesiS,
1364 2219 1552 2277 super
1588 2199 1881 2279 porcione
1921 2219 2035 2260 sua
2071 2199 2353 2278 ejusdem
2392 2201 2667 2271 ecclesie,
2703 2222 2893 2281 quam

427 2304 505 2364 de
560 2304 915 2383 provisione
970 2309 1186 2364 nostra
1243 2310 1434 2374 tenet,
1484 2305 1757 2384 gravatis
1806 2311 1871 2365 et
1920 2305 2270 2365 molestatis
2311 2325 2425 2384 pro
2466 2312 2673 2367 vestre
2712 2307 2891 2368 libito

427 2411 802 2480 voluntatis;
867 2430 1036 2470 nunc
1085 2411 1290 2490 ipsum
1349 2411 1428 2470 ad
1482 2430 1702 2471 omnes
1762 2411 1985 2472 Sacros
2042 2411 2325 2481 Ordines,
2382 2431 2551 2471 nunc
2606 2412 2683 2472 ad
2739 2414 2888 2473 resi-

427 2517 712 2577 denciam
769 2517 834 2575 in
891 2518 1107 2576 eadem
1157 2517 1420 2577 ecclesia
1475 2517 1841 2587 faciendam,
1898 2537 2068 2577 nunc
2123 2517 2202 2576 ad
2256 2517 2709 2578 ostendendam
2764 2518 2887 2578 dis-

425 2623 868 2703 pensacionem
913 2643 1100 2702 super
1137 2622 1455 2683 beneficiis
1493 2623 1642 2694 suis,
1682 2624 1980 2693 vocando,
2025 2624 2498 2693 summonendO,
2543 2629 2607 2684 et
2647 2623 2890 2685 fructus

425 2729 590 2789 dicte
639 2729 952 2808 porcionis
1002 2729 1468 2808 sequestrando
1575 2728 1734 2790 Cum
1779 2729 1967 2808 igitur
2008 2728 2213 2789 clerici
2257 2729 2473 2798 nostri,
2525 2729 2688 2789 sicut
2731 2729 2890 2790 scire

423 2854 536 2895 vos
592 2834 920 2905 credimus,
979 2833 1058 2893 ad
1120 2834 1528 2894 residenciam
1593 2835 1941 2895 faciendam
2004 2835 2069 2893 in
2124 2834 2443 2895 beneficiis
2500 2834 2632 2895 suis
2687 2839 2751 2895 et
2808 2835 2887 2895 ad

423 2942 895 3020 suscepcionem
958 2942 1240 3001 omnium
1307 2942 1637 3002 Sacrorum
1694 2942 2000 3003 Ordinum
2064 2941 2353 3022 compelli
2414 2963 2541 3002 non
2598 2942 2885 3015 debeant,

424 3047 765 3107 dummodo
821 3047 950 3107 sint
1005 3047 1068 3106 in
1129 3047 1334 3107 Sacris
1392 3047 1730 3139 Ordinibns
1786 3048 2154 3118 constituti;
2225 3068 2297 3107 ac
2360 3048 2566 3110 dictus
2622 3049 2883 3111 clericus

422 3160 638 3213 noster
691 3154 757 3211 in
817 3153 1022 3214 Sacris
1093 3154 1320 3213 existat
1389 3160 1452 3214 et
1521 3153 1754 3214 nostris
1825 3153 2212 3213 familiariter
2280 3153 2594 3233 obsequiis
2664 3155 2882 3216 immo-

421 3266 610 3329 retur,
640 3280 884 3320 necnon
915 3266 978 3320 et
1020 3260 1380 3339 porcionem
1421 3261 1763 3339 predictam
1794 3259 2136 3321 obtinuerit
2164 3267 2309 3320 ante
2339 3259 2689 3322 Concilium
2718 3263 2883 3324 Gen-

421 3366 620 3435 erale;
666 3366 1120 3425 Patemitatem
1151 3371 1443 3435 vestram,
1483 3366 1560 3426 de
1588 3386 1712 3445 qua
1753 3365 2143 3444 spiritualem
2171 3366 2463 3426 fiduciam
2507 3366 2879 3439 obtinemuS,

420 3472 793 3551 requirimus
876 3476 940 3531 et
1016 3490 1306 3550 rogamus
1384 3476 1625 3532 attente
1701 3472 1998 3551 quatinus
2075 3476 2490 3533 memoratum
2567 3471 2879 3543 clericum,

419 3578 619 3637 nostri
677 3577 909 3637 amoris
963 3577 1198 3636 intuitu
1247 3581 1311 3637 et
1367 3583 1725 3637 nostrorum
1774 3578 2132 3639 interventu
2182 3578 2570 3657 regiminum,
2621 3576 2883 3655 pacifica

417 3683 814 3762 possessione
859 3683 1022 3742 dicte
1077 3682 1392 3761 porcionis
1447 3684 1714 3761 gaudere
1763 3684 1953 3744 libere
1999 3682 2455 3762 permittenteS,
2507 3702 2544 3741 a
2583 3682 2883 3760 predictis

419 3788 902 3869 gravaminibus,
986 3788 1553 3860 molestacionibus,
1639 3794 1703 3850 et
1785 3790 2126 3869 sequestris
2202 3789 2278 3848 de
2354 3792 2560 3847 cetero
2636 3807 2881 3848 cessare

418 3894 642 3961 velitis,
715 3898 778 3953 et
847 3893 953 3963 ita,
1025 3891 1078 3953 si
1148 3892 1372 3971 placet,
1436 3893 1603 3972 quod
1666 3892 1842 3953 vobis
1904 3892 2322 3971 astringamur
2380 3891 2458 3951 ad
2520 3896 2743 3970 grates
2815 3896 2880 3951 et

417 3999 622 4059 dictus
679 3997 959 4069 clericus,
1017 3998 1124 4077 qui
1179 3998 1360 4058 nobis
1417 3998 1525 4057 diu
1580 3998 1837 4058 servivit
1898 3996 2163 4058 fideliter
2216 4002 2281 4056 et
2342 3996 2583 4067 devote,
2635 3997 2713 4057 ad
2761 4015 2881 4057 nos

417 4105 642 4165 iterato
712 4125 1026 4165 recurrere
1094 4110 1350 4183 propter
1417 4124 1491 4164 ea
1560 4124 1688 4163 non
1757 4108 2031 4182 cogatur.
2143 4103 2329 4163 Teste
2399 4102 2638 4181 meipso
2708 4102 2877 4181 apud

415 4210 1070 4279 westmonasterium,
1120 4209 1250 4287 xxj⁰
1296 4208 1396 4268 die
1446 4207 1620 4277 Maii,
1671 4227 1839 4268 anno
1886 4206 2059 4286 regni
2108 4206 2307 4267 nostri
2356 4211 2551 4267 sexto.

417 4493 568 4569 May
612 4490 1092 4550 24.—Mandate
1150 4497 1207 4550 ιο
1263 4489 1438 4549 Luke
1479 4490 1552 4550 de
1595 4490 1747 4549 Bree
1791 4496 1849 4549 ιο
1890 4488 2154 4568 suspend
2195 4486 2402 4547 action
2444 4486 2515 4547 in
2553 4486 2773 4565 ηραν-ἀ
2817 4494 2877 4547 ιο

663 4572 927 4651 Stephen
967 4571 1040 4631 de
1083 4572 1174 4631 St.
1223 4571 1465 4649 Georqe.

579 4739 869 4808 Thomas,
914 4744 1052 4809 etc„
1097 4739 1396 4818 magistro
1439 4739 1652 4817 L[uce
1694 4740 1771 4799 de
1821 4738 1968 4816 Bre]
1990 4784 2004 4809 ,
2047 4738 2459 4798 Thesaurario
2512 4737 2580 4796 in
2635 4737 2871 4809 eadem,

417 4846 703 4914 salutem,
735 4850 851 4904 etc.
938 4844 1316 4905 Mandamus
1344 4844 1520 4905 vobis
1559 4845 1856 4924 quatinus
1895 4844 1959 4903 in
1998 4844 2255 4923 negocio
2293 4844 2529 4904 domini
2566 4843 2873 4922 Stephani
