3619 5868
73 1825 212 1867 Pol.
245 1826 286 1867 8.

1221 515 1522 595 Episcopi
1574 516 2057 595 Herefordensis.
2792 526 2869 586 19

407 736 538 799 Oct.
580 738 976 801 2l.—-Letter
1030 746 1088 801 to
1145 740 1244 801 the
1299 760 1462 801 same
1517 742 1683 821 effect
1741 749 1798 804 to
1857 744 2187 805 Bandinats
2243 746 2369 807 and
2428 746 2525 807 his
2560 754 2869 827 parmen,

648 820 991 881 merchants
1033 822 1104 900 os
1136 820 1365 883 Lacca.

571 963 1086 1026 Menon-omaus
1168 964 1457 1027 Lucams
1542 984 1611 1026 m
1689 966 1897 1027 CumA
1974 966 2655 1042 RouANA.-—Thomas,
2719 976 2865 1043 etc.,

405 1068 656 1131 dilectis
724 1070 943 1131 amicis
1010 1070 1078 1131 in
1147 1070 1400 1133 Christo
1467 1071 1761 1133 Bandino
1824 1078 1887 1133 et
1948 1072 2133 1134 sociis
2198 1073 2351 1146 suis,
2416 1074 2869 1136 mercatoribus

403 1175 704 1249 Lucanis,
747 1176 814 1237 in
858 1176 1048 1238 Curia
1089 1176 1378 1239 Romana
1417 1177 1977 1250 commorantibus,
2022 1179 2287 1240 salutem
2338 1199 2482 1240 cum
2525 1179 2868 1241 dileccione

403 1282 666 1344 sincera.
770 1282 950 1343 Licet
999 1282 1166 1343 inter
1213 1302 1326 1344 vos
1375 1288 1440 1343 et
1486 1283 1526 1345 J
1529 1282 1845 1345 ohannem
1894 1284 1973 1344 de
2016 1284 2218 1358 Clare,
2264 1286 2553 1346 clericum
2609 1292 2671 1347 et
2714 1286 2867 1347 Pro-

399 1395 761 1449 curatorem
819 1393 1128 1461 nostrum,
1173 1408 1341 1449 anno
1403 1388 1704 1468 preterito
1760 1390 1827 1449 in
1892 1390 2083 1451 Curia
2148 1391 2431 1452 Romana
2483 1399 2865 1453 conventum

400 1500 591 1566 esset,
653 1502 718 1555 et
777 1514 818 1556 a
875 1495 1072 1567 vobis,
1135 1501 1206 1557 ut
1264 1495 1639 1568 audivimus,
1690 1497 1955 1558 firmiter
2018 1499 2464 1576 repromissum
2527 1497 2695 1577 quod
2751 1516 2866 1560 vos

400 1620 770 1681 processum
812 1602 1148 1681 quendam,
1193 1620 1380 1681 quem
1422 1601 1590 1663 idem
1633 1603 2012 1664 Procurator
2054 1623 2245 1682 penes
2286 1622 2399 1665 vos
2442 1604 2752 1684 deposuit,
2798 1605 2863 1665 in

397 1726 652 1769 recessu
709 1708 896 1769 Curis
949 1708 1029 1769 de
1086 1708 1394 1787 Lugduno
1449 1709 1873 1779 custodiretis,
1930 1716 1996 1771 et
2052 1710 2133 1771 ad
2198 1710 2453 1773 Curiam
2508 1711 2864 1789 portaretis,

405 1832 482 1875 ac
545 1813 716 1874 dicto
777 1813 814 1875 J
820 1813 1055 1874 ohanni
1119 1820 1229 1874 aut
1288 1816 1592 1893 magistro
1632 1814 1845 1875 Bardo
1906 1815 1984 1876 de
2048 1815 2247 1875 Podio
2303 1815 2546 1877 Bonisii
2601 1816 2701 1875 vel
2756 1816 2866 1877 alii

399 1920 802 1981 Procuratori
863 1929 1082 1981 nostro
1143 1919 1422 1999 legitimo
1477 1920 1540 1979 in
1600 1920 1790 1982 Curia
1851 1920 2185 1982 traderetis
2248 1922 2411 1982 sicut
2469 1922 2533 1981 in
2591 1922 2865 2002 quadam

397 2026 645 2098 cedula,
691 2027 945 2088 sacculo
986 2026 1234 2088 cuidam
1277 2027 1342 2085 in
1385 2045 1509 2106 quo
1551 2040 1650 2087 est
1691 2026 1859 2087 idem
1901 2046 2230 2107 processus
2273 2047 2575 2107 appensa,
2618 2028 2863 2107 plenius

397 2132 801 2207 continetur3
866 2132 1014 2212 quia
1076 2137 1311 2192 tamem
1368 2132 1541 2192 illam
1598 2132 1980 2211 prebendam
2042 2152 2230 2212 super
2278 2152 2404 2213 qua
2458 2132 2666 2193 dictus
2722 2151 2861 2211 pro-

397 2256 616 2299 cessus
685 2238 804 2299 fuit
880 2237 1136 2299 habitus
1203 2236 1270 2297 in
1343 2238 1534 2299 Curia
1608 2238 1864 2298 domino
1942 2238 2221 2299 Henrico
2298 2238 2376 2299 de
2455 2237 2859 2311 Wodestoke,
2924 2260 2931 2267 ·

396 2346 666 2406 illustris
709 2346 945 2424 Regine
989 2345 1209 2423 Anglie
1252 2344 1616 2406 Cancelario
1662 2350 1726 2405 et
1768 2344 1997 2405 clerico
2048 2345 2303 2424 speciali
2346 2344 2749 2417 contulimus,
2794 2351 2860 2406 et

395 2451 566 2512 idem
612 2452 904 2512 dominus
947 2450 1014 2511 Η
1036 2452 1330 2530 [enricus]
1353 2498 1366 2523 ,
1412 2450 1840 2513 defensionem
1896 2471 2083 2513 cause
2140 2453 2271 2514 sive
2314 2471 2645 2531 processus
2692 2453 2863 2514 illius

399 2556 468 2617 in
519 2577 587 2618 se
645 2557 1014 2637 suscipiens,
1064 2557 1302 2617 dictum
1353 2558 1721 2635 magistrum
1776 2557 2059 2618 Bardum
2122 2558 2186 2617 in
2252 2557 2391 2636 ipsa
2454 2577 2647 2619 causa
2710 2558 2859 2618 Pro-

400 2670 758 2724 curatorem
816 2683 1001 2724 suum
1058 2662 1408 2735 constituit,
1454 2662 1562 2743 qui
1615 2664 1790 2742 prius
1838 2669 2055 2724 noster
2110 2664 2491 2725 Procurator
2540 2664 2747 2726 extitit
2796 2664 2862 2726 in

395 2770 656 2843 eadem;
702 2789 814 2832 vos
853 2776 1093 2831 attente
1137 2788 1430 2849 rogamus
1471 2770 1772 2849 quatinus
1813 2770 2096 2849 predicto
2128 2769 2360 2843 Bardo,
2391 2790 2537 2830 cum
2572 2790 2649 2829 ex
2682 2776 2863 2849 parte

395 2875 552 2937 dicti
593 2876 834 2938 domini
876 2876 940 2938 Η
963 2877 1203 2957 [enrici]
1259 2877 1340 2939 ad
1388 2896 1499 2939 vos
1554 2896 1667 2957 pro
1720 2876 1859 2956 ipso
1916 2896 2210 2957 processu
2266 2877 2527 2950 venerit,
2581 2876 2862 2939 liberetis

395 2983 684 3044 eundem.
779 2983 1108 3046 Credimus
1156 2988 1371 3045 autem
1432 2983 1598 3063 quod
1656 2983 1936 3063 prefatus
1999 2982 2293 3044 dominus
2356 2982 2730 3064 H[enricus]
2797 2988 2861 3044 et

393 3087 550 3150 socii
583 3089 650 3148 in
692 3090 918 3168 Anglia
945 3089 1123 3151 vobis
1164 3089 1446 3150 scribunt
1485 3089 1773 3150 similiter
1808 3108 1998 3168 super
2028 3090 2173 3150 isto.
2236 3088 2539 3150 Valeatis.
2613 3089 2856 3150 Datum

393 3193 765 3265 Londoniis,
838 3194 923 3272 xij
998 3193 1321 3254 Kalendas
1393 3193 1788 3266 Novembris,
1860 3213 2029 3254 anno
2096 3194 2356 3255 Domini
2431 3194 2858 3256 Μ”ΟΟΦΙΛΧΧο

389 3301 632 3380 quint0.
742 3301 928 3362 Istud
983 3300 1150 3361 idem
1206 3300 1384 3362 vobis
1433 3301 1799 3380 scripsimus
1846 3299 1909 3360 in
1962 3300 2236 3382 quadam
2285 3299 2411 3362 alia
2461 3300 2695 3373 littera,
2747 3319 2859 3380 per

389 3406 552 3468 alios
601 3407 866 3467 nuncios
913 3406 1089 3468 vobis
1138 3407 1372 3478 missa;
1427 3425 1549 3485 que
1596 3406 1649 3466 si
1697 3406 1858 3468 forte
1906 3425 1945 3466 a
1996 3425 2149 3468 casu
2190 3407 2366 3468 vobis
2416 3426 2543 3467 non
2590 3407 2853 3480 venerit,

387 3517 546 3573 tunc
589 3511 644 3572 si
685 3511 895 3591 placet
935 3512 1334 3592 exequamini
1375 3511 1479 3572 hic
1521 3517 1841 3573 contenta.

385 3731 690 3792 Mandate
747 3737 805 3790 to
862 3731 960 3791 the
1030 3730 1241 3810 bailzff
1301 3732 1372 3810 os
1430 3731 1778 3792 Charlecotc
1837 3737 1894 3791 to
1950 3730 2178 3791 dcliver
2236 3739 2295 3791 to
2356 3731 2455 3792 the
2510 3731 2733 3792 Rector
2789 3732 2859 3811 os

637 3811 1003 3872 Dodderhizz
1046 3812 1142 3873 the
1195 3812 1454 3872 utensile
1513 3812 1640 3872 and
1693 3812 1910 3872 vessels
1951 3811 2070 3872 due
2097 3813 2269 3891 from
2310 3811 2409 3872 tlae
2452 3812 2569 3872 late
2611 3811 2851 3884 Rector,

635 3892 761 3952 and
805 3899 863 3952 to
905 3900 1003 3953 act
1045 3913 1124 3953 on
1164 3892 1565 3953 instruction-s·
1607 3892 1944 3972 respectinq
1984 3899 2119 3953 rent
2158 3891 2285 3952 and
2329 3891 2529 3952 tithes.

556 4037 1421 4106 Donnmmnns.—Thomas.
1479 4045 1622 4109 etc.,
1681 4037 1990 4099 Nicholao
2045 4037 2124 4098 de
2180 4037 2567 4116 Hamptone,
2618 4036 2850 4097 ballivo

385 4162 507 4206 suo
569 4144 648 4204 de
709 4143 1094 4217 Cherlecote,
1152 4145 1442 4216 salutern,
1499 4152 1644 4216 etc.,
1706 4142 2086 4204 Mandamus
2148 4141 2263 4203 tibi
2324 4143 2623 4224 quatinus
2684 4142 2851 4221 apud

387 4248 780 4312 Doderhulle
835 4269 944 4311 eas
997 4251 1429 4330 personaliter,
1488 4256 1552 4311 et
1607 4249 1907 4311 utensilia
1962 4269 2037 4312 ac
2090 4267 2244 4310 vasa
2299 4268 2441 4329 que,
2500 4247 2847 4310 secundum

387 4354 910 4418 consuetudinem
987 4357 1354 4418 Decanatus
1426 4356 1504 4417 de
1577 4355 1863 4436 Wychio,
1942 4355 2193 4416 Rector¹
2267 4354 2521 4416 Rectori
2593 4353 2659 4414 in
2736 4353 2851 4414 tali

387 4462 657 4523 ecclesia
699 4461 884 4522 debet
930 4461 1268 4534 dimittere,
1310 4462 1351 4522 J
1355 4461 1592 4522 ohanni
1634 4461 1732 4522 vel
1782 4459 2152 4532 LaurenciO,
2196 4453 2381 4520 latori
2427 4459 2844 4539 presencium,

387 4569 472 4630 ad
515 4588 673 4648 opus
716 4568 927 4630 dilecti
969 4568 1155 4628 amici
1197 4569 1418 4641 nostri,
1463 4568 1700 4629 domini
1743 4567 2043 4629 Willelmi
2084 4586 2252 4628 nunc
2294 4565 2601 4634 Rectoris.
2643 4565 2846 4627 eidem

388 4673 630 4746 tradas,
685 4673 814 4734 sive
861 4673 1094 4734 fuerint
1142 4673 1398 4734 vendita
1445 4673 1574 4735 sive
1619 4693 1764 4734 non.
1868 4673 2009 4734 Alia
2044 4691 2191 4734 vero
2238 4691 2391 4734 vasa
2437 4677 2500 4733 et
2554 4671 2851 4733 utensilia

385 4799 511 4860 que
567 4779 686 4840 sibi
741 4799 869 4840 non
930 4778 1238 4840 debentur
1298 4779 1408 4839 uni
1465 4799 1541 4840 ex
1598 4780 1899 4859 predictis
1959 4779 2168 4860 precio
2220 4780 2394 4859 justo
2450 4780 2709 4852 vendas,
2770 4780 2849 4840 de

509 4915 867 4960 1—Dodderhill.
896 4915 956 4962 by
993 4913 1267 4962 Droitwich.
1293 4927 1396 4958 was
1431 4925 1520 4957 one
1555 4913 1607 4957 of
1645 4917 1728 4957 the
1767 4925 2024 4957 numerous
2060 4913 2292 4958 beneflces
2327 4913 2435 4958 held
2469 4913 2531 4962 by
2564 4915 2648 4957 the
2674 4914 2855 4962 Bishop

379 4965 540 5008 before
566 4967 642 5006 his
667 4963 1022 5008 consecration.
