3619 5868
807 520 890 577 40
1235 599 1240 603 ῃ
1473 518 1829 595 Reqistrwm
1887 518 2105 578 Thome
2159 518 2232 578 de
2290 518 2621 598 cantalupo

821 652 961 659 ——

819 741 1011 803 libere
1040 744 1364 823 permittat
1395 744 1584 815 abire,
1610 764 1774 815 cum,
1795 744 2115 823 capcionis
2145 750 2209 803 et
2236 744 2505 804 carceris
2526 763 2716 805 causa
2736 752 3041 817 cessant-e,
3072 744 3271 805 laxari

821 848 1094 908 debeant
1125 850 1375 909 vincula.
1402 850 1724 910 carcerati.
1812 850 2229 928 Omnipotens
2257 868 2370 910 vos
2403 856 2750 911 conservet.
2835 851 3075 911 Datum
3104 850 3271 930 apud

815 954 1213 1035 Bekyntone,
1245 956 1446 1035 primo
1489 957 1589 1017 die
1634 955 2019 1028 Decembris,
2066 977 2230 1017 anno
2274 956 2531 1017 Domini
2575 956 3151 1019 M0GC0LXX⁰1X⁰.

814 1302 958 1362 Feb.
1003 1306 1100 1370 23,
1145 1302 1600 1361 1276.—Titles
1658 1303 1728 1380 os
1775 1302 2009 1378 sundry
2071 1301 2377 1368 Chartam,
2438 1300 2636 1360 letters
2692 1300 2761 1378 of
2808 1306 3105 1377 attmmey,
3150 1300 3274 1359 and

1060 1383 1405 1442 document-s
1455 1384 1525 1461 of
1563 1404 1603 1441 a
1654 1382 1899 1442 lawsuit
1943 1384 2013 1460 of
2046 1382 2283 1461 Bishop
2327 1381 2509 1451 John,
2553 1382 2643 1441 all
2680 1381 2945 1458 relatinq
2992 1388 3050 1440 to
3094 1381 3271 1439 lamis

1055 1471 1122 1523 at
1177 1464 1453 1542 Cloppelc
1495 1464 1621 1522 and
1669 1463 1879 1530 Asshc‚
1924 1463 2050 1522 and
2098 1483 2229 1521 now
2276 1462 2587 1541 deposited
2635 1462 2705 1521 in
2746 1484 2785 1521 a
2832 1462 2995 1522 chest
3051 1462 3125 1520 in
3178 1462 3275 1521 the

1062 1544 1328 1623 Chapter
1370 1545 1578 1603 House
1619 1554 1815 1603 under
1858 1544 1953 1603 the
1996 1543 2281 1622 Bishop's
2323 1544 2468 1603 scal.

973 1727 1127 1786 Is'm
1201 1726 1419 1787 Ciam
1493 1725 2232 1785 {amaxonum—Carta
2300 1723 2340 1784 J
2362 1724 2678 1802 [ohannis]
2702 1770 2715 1794 ‚
2788 1721 3275 1783 Herefordensis

821 1832 1140 1912 Episcopi,
1187 1834 1264 1893 de
1307 1842 1476 1894 terra
1517 1842 1580 1893 et.
1623 1833 1869 1893 redditu
1919 1832 2089 1892 datis
2145 1832 2398 1891 domino
2440 1831 2631 1890 Petro
2658 1831 2737 1891 de
2777 1829 3169 1907 Bromptone
3212 1836 3275 1889 et

815 1940 1058 2017 Bogero
1101 1939 1178 1999 de
1221 1938 1644 2018 Hyntlesbam
1689 1958 1833 1997 cum
1876 1940 2215 2015 mesuagio,

977 2059 1168 2119 Carta
1197 2059 1464 2119 Walteri
1507 2059 1584 2118 de
1623 2058 1683 2117 la.
1717 2058 1897 2117 Dene
1931 2056 2009 2117 de
2044 2076 2171 2117 una
2198 2058 2421 2116 forero)
2454 2056 2519 2114 in
2554 2075 2779 2134 csmpo
2812 2054 2889 2115 de
2930 2055 3273 2133 Suyndone

809 2184 951 2224 cum
996 2166 1402 2242 pertinenciis
1445 2165 1598 2224 data
1637 2164 1923 2225 Ecclesie
1967 2163 2435 2223 Herefoxdensi.

975 2282 1168 2343 Carta
1211 2283 1427 2343 Ivonis
1471 2283 1547 2342 de
1591 2282 1972 2343 Chikewalle
2014 2289 2079 2341 et
2122 2282 2317 2341 Lucis
2360 2280 2567 2340 uxoris
2610 2300 2720 2340 sue
2752 2280 2831 2339 de
2864 2278 3175 2338 fructibus
3208 2286 3271 2339 et·

814 2387 1087 2449 exitibus
1135 2389 1200 2447 in
1245 2398 1413 2448 terra
1458 2389 1720 2447 Heni-ici
1769 2388 1847 2447 de
1897 2387 2277 2466 Bokynham
2324 2397 2387 2446 et
2432 2386 2697 2446 Walteri
2744 2385 2822 2445 de
2868 2384 3269 2462 Haverberge

807 2495 973 2573 apud
1023 2494 1604 2572 Sevenhamptone;
1663 2494 1808 2554 finis
1858 2494 2103 2554 levatus
2157 2492 2221 2551 in
2280 2491 2470 2552 Curis
2525 2490 2781 2552 Domini
2838 2490 3028 2568 Regis
3084 2508 3273 2567 super

807 2620 903 2671 eo,
963 2619 1105 2660 cum
1163 2600 1537 2681 quibusdam
1595 2600 1754 2661 aliis.

969 2720 1159 2781 Carta.
1211 2720 1342 2779 Ade
1394 2719 1473 2779 de
1528 2719 1837 2796 Moubray
1881 2720 1958 2779 de
2002 2719 2086 2796 xij
2132 2718 2406 2778 denariis
2450 2718 2645 2777 annui
2685 2716 2969 2777 redditus
3012 2716 3078 2775 in
3118 2715 3273 2776 villa

809 2826 889 2886 de
934 2826 1312 2902 Prostebury
1354 2826 1634 2905 predicto
1675 2825 1715 2885 J
1738 2825 2021 2903 [ohanni]
2068 2825 2384 2902 Episcopo
2426 2822 2759 2883 concessis.

970 2944 1160 3004 Carta.
1203 2943 1486 3014 Henrici,
1531 2941 1642 3002 filii
1690 2941 1950 3002 Boberti
2000 2943 2078 3001 de
2132 2941 2489 3020 Shipstone,
2534 2941 2611 3001 de
2653 2946 2821 3001 terra.
2863 2960 3162 3001 concessa
3204 2940 3271 2999 in

811 3049 1210 3128 Cloppeleye²
1249 3049 1548 3120 Johanni,
1591 3047 1720 3107 filio
1761 3048 2073 3109 Johannis
2116 3046 2196 3107 de
2239 3047 2611 3107 Notteclive.

969 3166 1162 3226 Carta
1219 3166 1434 3226 Ivonis
1487 3167 1564 3226 de
1629 3166 2030 3244 Ghykewalle
2082 3173 2145 3226 et·
2196 3166 2408 3224 uxoris
2464 3184 2575 3225 sue
2632 3165 2710 3224 de
2757 3173 2924 3225 terra
2964 3184 3271 3225 concessa.

805 3273 1088 3352 predicto
1158 3273 1474 3351 Episcopo
1535 3272 1573 3332 J
1597 3272 1881 3350 [ohanni]
1905 3319 1918 3342 ‚
1979 3290 2167 3352 quam
2238 3271 2577 3342 Henricus,
2642 3271 2809 3333 filius
2872 3271 3131 3332 Roberti
3190 3271 3271 3334 de

810 3377 1158 3456 Shyptone‚
1217 3378 1388 3438 dedit
1436 3378 1736 3449 Johanni,
1786 3378 1917 3438 filio
1965 3377 2277 3439 Johannis
2326 3377 2403 3437 de
2454 3377 2831 3439 Notteclive.

971 3499 1163 3560 Carta
1208 3493 1506 3558 Willeh’ni
1564 3498 1640 3558 de
1700 3498 1996 3578 Cloppele
2051 3498 2129 3558 de
2180 3506 2346 3558 terra
2397 3498 2463 3557 in
2512 3497 2734 3559 eadem
2782 3517 3081 3558 concessa.
3128 3516 3268 3576 pre-

802 3605 972 3666 dicto
1016 3605 1331 3684 Episcopo
1371 3604 1410 3665 J
1425 3603 1705 3686 [ohanni]
1730 3651 1742 3664 .

973 3725 1166 3786 Gai-ts
1193 3725 1513 3795 willelmi,
1545 3725 1657 3784 filii
1690 3724 1729 3786 J
1733 3725 2001 3785 ohannis
2039 3724 2118 3785 de
2150 3724 2528 3796 Notteclive,
2558 3725 2639 3786 de
2676 3728 3056 3794 tenementQ
3096 3724 3268 3804 quod

805 3837 991 3911 pater
1033 3831 1169 3909 ejus
1213 3837 1449 3890 emerat
1491 3830 1569 3890 de
1613 3831 1891 3891 Henrico
1925 3831 2003 3890 de
2036 3830 2451 3910 Bokyngham
2488 3831 2551 3891 in
2590 3832 2890 3910 parochis
2922 3831 3001 3892 de
3036 3832 3268 3893 Seven·

805 3938 1173 4016 hamptone,
1219 3956 1516 3997 concesso
1557 3936 1837 4015 predicto
1880 3936 2196 4015 Episcopo
2236 3936 2277 3997 J
2298 3936 2618 4016 [ohanniJ.

967 4055 1374 4134 Gyrografum
1435 4055 1596 4114 inter
1656 4054 2040 4140 Willelmum
2100 4055 2177 4114 de
2238 4054 2593 4114 Notteclive
2654 4060 2718 4114 et
2766 4054 2807 4114 J
2810 4054 3126 4115 ohannem
3184 4053 3266 4114 de

805 4158 1314 4240 Wynchecombe
1356 4159 1434 4220 de
1477 4165 1644 4219 terra.
1685 4159 1750 4218 in
1795 4159 2033 4238 campis
2074 4159 2153 4219 de
2196 4159 2590 4238 Cloppeleye.

966 4278 1155 4339 Carta.
1215 4278 1489 4350 Roboris,
1535 4279 1646 4338 filii
1703 4278 1951 4338 Andree
2005 4278 2083 4339 de
2138 4278 2578 4356 Dychesdone‚
2623 4279 2701 4339 de
2751 4283 2919 4341 terre
2963 4299 3265 4342 concessa

806 4384 1126 4446 Willelmo
1169 4384 1246 4444 de
1291 4384 1644 4444 Notteclive
1687 4386 1751 4444 in
1796 4384 1945 4444 villa
1987 4383 2066 4444 de
2108 4383 2503 4463 Cloppeleye.

969 4501 1162 4563 Carta.
1204 4502 1418 4562 Ivonis
1459 4502 1536 4562 de
1581 4502 1877 4582 Cloppele
1919 4507 1982 4562 et
2021 4503 2233 4562 uxoris
2276 4521 2386 4562 sue
2438 4501 2515 4562 de
2564 4507 2732 4563 terra.
2779 4521 3080 4564 concessa
3126 4523 3264 4584 pre-

809 4609 980 4669 dicto
1022 4608 1339 4688 Episcopo
1388 4608 1418 4668 J
1441 4608 1720 4690 [ohanni]
1745 4655 1758 4678 ,
1803 4628 1991 4687 quam
2041 4607 2375 4680 Henricus,
2420 4608 2587 4668 filius
2642 4607 2904 4670 Roberti
2942 4609 3021 4670 de
3064 4611 3265 4692 shyp-

807 4723 976 4786 tone,
1021 4713 1195 4774 dedit,
1236 4714 1535 4786 Johsnni,
1581 4715 1709 4774 filio
1750 4715 2063 4776 Johannis
2107 4715 2184 4776 de
2226 4715 2605 4776 Notteclive.

925 4839 1194 4883 l—-Forera,
1223 4837 1456 4878 headland
1484 4838 1748 4884 stretching
1775 4839 2101 4886 transversely
2127 4843 2180 4881 to
2205 4839 2287 4880 the
2313 4837 2534 4880 furrows.

919 4899 1108 4940 ‘iv—This
1145 4899 1185 4940 is
1219 4900 1412 4940 entered
1449 4900 1494 4940 in
1531 4901 1613 4940 the
1649 4900 1729 4941 list
1756 4899 1806 4942 of
1832 4901 1915 4942 the
1940 4901 2178 4948 episcopal
2206 4913 2399 4943 mauors
2425 4901 2472 4941 in
2500 4902 2583 4943 the
2612 4901 2827 4944 Taxatio
2854 4901 2981 4950 Nic..
3011 4903 3096 4946 but
3122 4903 3267 4946 after·

795 4962 959 5006 wat-ds
985 4962 1278 5009 eoddington
1305 4963 1348 5003 is
1375 4962 1545 5004 named
1573 4963 1620 5003 in
1647 4963 1712 5004 its
1740 4963 1885 5010 place.
