<?xml version="1.0" encoding="UTF-8"?>
<!DOCTYPE html PUBLIC "-//W3C//DTD XHTML 1.0 Transitional//EN"
    "http://www.w3.org/TR/xhtml1/DTD/xhtml1-transitional.dtd">
<html xmlns="http://www.w3.org/1999/xhtml" xml:lang="en" lang="en">
 <head>
  <title>
</title>
<meta http-equiv="Content-Type" content="text/html;charset=utf-8" />
  <meta name='ocr-system' content='tesseract 3.04.00' />
  <meta name='ocr-capabilities' content='ocr_page ocr_carea ocr_par ocr_line ocrx_word'/>
</head>
<body>
  <div class='ocr_page' id='page_1' title='image "./canterburyandyo01socigoog_0102.png"; bbox 0 0 3619 5868; ppageno 0'>
   <div class='ocr_carea' id='block_1_1' title="bbox 527 1153 722 1197">
    <p class='ocr_par' dir='ltr' id='par_1_1' title="bbox 527 1153 722 1197">
     <span class='ocr_line' id='line_1_1' title="bbox 527 1153 722 1197; baseline -0.015 0"><span class='ocrx_word' id='word_1_1' title='bbox 527 1155 624 1197; x_wconf 74' lang='lat'>1²01.</span> <span class='ocrx_word' id='word_1_2' title='bbox 650 1153 722 1194; x_wconf 79' lang='lat' dir='ltr'><strong>⁴b.</strong></span> 
     </span>
    </p>
   </div>
   <div class='ocr_carea' id='block_1_2' title="bbox 801 495 2608 575">
    <p class='ocr_par' dir='ltr' id='par_1_2' title="bbox 801 495 2608 575">
     <span class='ocr_line' id='line_1_2' title="bbox 801 495 2608 575; baseline 0.001 -20"><span class='ocrx_word' id='word_1_3' title='bbox 801 496 880 555; x_wconf 90' lang='lat'><strong>10</strong></span> <span class='ocrx_word' id='word_1_4' title='bbox 1448 495 1802 573; x_wconf 76' lang='lat' dir='ltr'><strong>Reqistrum</strong></span> <span class='ocrx_word' id='word_1_5' title='bbox 1860 496 2079 557; x_wconf 79' lang='lat' dir='ltr'><strong>Thome</strong></span> <span class='ocrx_word' id='word_1_6' title='bbox 2132 496 2205 556; x_wconf 69' lang='lat' dir='ltr'><strong>de</strong></span> <span class='ocrx_word' id='word_1_7' title='bbox 2277 496 2608 575; x_wconf 80' lang='lat' dir='ltr'><strong>Cantilupo</strong></span> 
     </span>
    </p>
   </div>
   <div class='ocr_carea' id='block_1_3' title="bbox 799 720 3277 2599">
    <p class='ocr_par' dir='ltr' id='par_1_3' title="bbox 799 720 3277 2599">
     <span class='ocr_line' id='line_1_3' title="bbox 803 720 3277 801; baseline 0.001 -19"><span class='ocrx_word' id='word_1_8' title='bbox 803 725 874 782; x_wconf 90' lang='lat' dir='ltr'><strong>ut</strong></span> <span class='ocrx_word' id='word_1_9' title='bbox 919 726 1048 781; x_wconf 86' lang='lat' dir='ltr'><strong>tres</strong></span> <span class='ocrx_word' id='word_1_10' title='bbox 1097 720 1278 782; x_wconf 84' lang='lat' dir='ltr'><strong>villas</strong></span> <span class='ocrx_word' id='word_1_11' title='bbox 1327 720 1407 781; x_wconf 87' lang='lat' dir='ltr'><strong>ad</strong></span> <span class='ocrx_word' id='word_1_12' title='bbox 1455 721 1808 781; x_wconf 87' lang='lat' dir='ltr'><strong>manerium</strong></span> <span class='ocrx_word' id='word_1_13' title='bbox 1859 728 2148 782; x_wconf 87' lang='lat' dir='ltr'><strong>nostrum</strong></span> <span class='ocrx_word' id='word_1_14' title='bbox 2203 720 2282 781; x_wconf 89' lang='lat' dir='ltr'><strong>de</strong></span> <span class='ocrx_word' id='word_1_15' title='bbox 2335 722 2393 781; x_wconf 90' lang='lat' dir='ltr'>N</span> <span class='ocrx_word' id='word_1_16' title='bbox 2399 720 2843 801; x_wconf 83' lang='lat' dir='ltr'><strong>orthledebury</strong></span> <span class='ocrx_word' id='word_1_17' title='bbox 2892 742 2931 782; x_wconf 86' lang='lat' dir='ltr'><strong>a</strong></span> <span class='ocrx_word' id='word_1_18' title='bbox 2982 728 3277 801; x_wconf 85' lang='lat' dir='ltr'><strong>tempore</strong></span> 
     </span>
     <span class='ocr_line' id='line_1_4' title="bbox 800 825 3277 905; baseline 0 -19"><span class='ocrx_word' id='word_1_19' title='bbox 800 826 982 904; x_wconf 87' lang='lat' dir='ltr'><strong>cujus</strong></span> <span class='ocrx_word' id='word_1_20' title='bbox 1011 845 1138 885; x_wconf 90' lang='lat' dir='ltr'><strong>non</strong></span> <span class='ocrx_word' id='word_1_21' title='bbox 1181 830 1359 885; x_wconf 86' lang='lat' dir='ltr'><strong>extat</strong></span> <span class='ocrx_word' id='word_1_22' title='bbox 1401 826 1705 885; x_wconf 89' lang='lat' dir='ltr'><strong>memoria</strong></span> <span class='ocrx_word' id='word_1_23' title='bbox 1744 825 2153 905; x_wconf 76' lang='lat' dir='ltr'><strong>pertinentes,</strong></span> <span class='ocrx_word' id='word_1_24' title='bbox 2196 844 2357 905; x_wconf 89' lang='lat' dir='ltr'><strong>quas</strong></span> <span class='ocrx_word' id='word_1_25' title='bbox 2404 826 2637 887; x_wconf 86' lang='lat' dir='ltr'><strong>tenetis</strong></span> <span class='ocrx_word' id='word_1_26' title='bbox 2678 833 2899 887; x_wconf 87' lang='lat' dir='ltr'><strong>contra</strong></span> <span class='ocrx_word' id='word_1_27' title='bbox 2940 827 3277 905; x_wconf 82' lang='lat' dir='ltr'><strong>justiciam</strong></span> 
     </span>
     <span class='ocr_line' id='line_1_5' title="bbox 803 930 3267 1011; baseline 0.001 -20"><span class='ocrx_word' id='word_1_28' title='bbox 803 937 1163 1010; x_wconf 71' lang='lat' dir='ltr'><strong>occupatae,</strong></span> <span class='ocrx_word' id='word_1_29' title='bbox 1220 930 1401 992; x_wconf 91' lang='lat' dir='ltr'><strong>nobis</strong></span> <span class='ocrx_word' id='word_1_30' title='bbox 1457 938 1521 993; x_wconf 83' lang='lat' dir='ltr'><strong>et</strong></span> <span class='ocrx_word' id='word_1_31' title='bbox 1563 932 1849 993; x_wconf 88' lang='lat' dir='ltr'><strong>Ecclesie</strong></span> <span class='ocrx_word' id='word_1_32' title='bbox 1890 941 2106 993; x_wconf 89' lang='lat' dir='ltr'><strong>nostre</strong></span> <span class='ocrx_word' id='word_1_33' title='bbox 2157 932 2572 1011; x_wconf 75' lang='lat' dir='ltr'><strong>dignaremini</strong></span> <span class='ocrx_word' id='word_1_34' title='bbox 2627 932 2885 992; x_wconf 86' lang='lat' dir='ltr'><strong>reddere</strong></span> <span class='ocrx_word' id='word_1_35' title='bbox 2934 932 3069 993; x_wconf 90' lang='lat' dir='ltr'><strong>sine</strong></span> <span class='ocrx_word' id='word_1_36' title='bbox 3124 934 3267 993; x_wconf 90' lang='lat' dir='ltr'><strong>lite.</strong></span> 
     </span>
     <span class='ocr_line' id='line_1_6' title="bbox 806 1035 3273 1117; baseline 0.001 -20"><span class='ocrx_word' id='word_1_37' title='bbox 806 1035 1006 1116; x_wconf 85' lang='lat' dir='ltr'><strong>Super</strong></span> <span class='ocrx_word' id='word_1_38' title='bbox 1083 1056 1208 1115; x_wconf 91' lang='lat' dir='ltr'><strong>quo</strong></span> <span class='ocrx_word' id='word_1_39' title='bbox 1289 1036 1504 1097; x_wconf 84' lang='lat' dir='ltr'><strong>taliter</strong></span> <span class='ocrx_word' id='word_1_40' title='bbox 1573 1037 1987 1116; x_wconf 75' lang='lat' dir='ltr'><strong>respondistis</strong></span> <span class='ocrx_word' id='word_1_41' title='bbox 2060 1038 2229 1117; x_wconf 90' lang='lat' dir='ltr'><strong>quod</strong></span> <span class='ocrx_word' id='word_1_42' title='bbox 2291 1037 2769 1117; x_wconf 79' lang='lat' dir='ltr'><strong>inquisicionem</strong></span> <span class='ocrx_word' id='word_1_43' title='bbox 2840 1056 3030 1116; x_wconf 90' lang='lat' dir='ltr'><strong>super</strong></span> <span class='ocrx_word' id='word_1_44' title='bbox 3097 1038 3273 1099; x_wconf 84' lang='lat' dir='ltr'><strong>villis</strong></span> 
     </span>
     <span class='ocr_line' id='line_1_7' title="bbox 807 1141 3272 1222; baseline 0.001 -21"><span class='ocrx_word' id='word_1_45' title='bbox 807 1142 1168 1221; x_wconf 80' lang='lat' dir='ltr'><strong>hujusmodi</strong></span> <span class='ocrx_word' id='word_1_46' title='bbox 1197 1141 1486 1204; x_wconf 81' lang='lat' dir='ltr'><strong>faceretis</strong></span> <span class='ocrx_word' id='word_1_47' title='bbox 1515 1148 1578 1203; x_wconf 87' lang='lat' dir='ltr'><strong>et</strong></span> <span class='ocrx_word' id='word_1_48' title='bbox 1623 1142 1802 1203; x_wconf 90' lang='lat' dir='ltr'><strong>nobis</strong></span> <span class='ocrx_word' id='word_1_49' title='bbox 1854 1163 1925 1203; x_wconf 90' lang='lat' dir='ltr'><strong>ac</strong></span> <span class='ocrx_word' id='word_1_50' title='bbox 1974 1142 2259 1204; x_wconf 84' lang='lat' dir='ltr'><strong>Ecclesie</strong></span> <span class='ocrx_word' id='word_1_51' title='bbox 2299 1148 2515 1203; x_wconf 88' lang='lat' dir='ltr'><strong>nostre</strong></span> <span class='ocrx_word' id='word_1_52' title='bbox 2555 1142 2873 1222; x_wconf 81' lang='lat' dir='ltr'><strong>justiciam</strong></span> <span class='ocrx_word' id='word_1_53' title='bbox 2900 1144 3272 1222; x_wconf 89' lang='lat' dir='ltr'><strong>impendere</strong></span> 
     </span>
     <span class='ocr_line' id='line_1_8' title="bbox 803 1247 3273 1329; baseline 0 -20"><span class='ocrx_word' id='word_1_54' title='bbox 803 1248 1125 1309; x_wconf 85' lang='lat' dir='ltr'><strong>curaretis.</strong></span> <span class='ocrx_word' id='word_1_55' title='bbox 1211 1248 1318 1320; x_wconf 89' lang='lat' dir='ltr'><strong>Et,</strong></span> <span class='ocrx_word' id='word_1_56' title='bbox 1364 1247 1510 1309; x_wconf 90' lang='lat' dir='ltr'><strong>licet</strong></span> <span class='ocrx_word' id='word_1_57' title='bbox 1550 1266 1686 1321; x_wconf 77' lang='lat' dir='ltr'><strong>voe,</strong></span> <span class='ocrx_word' id='word_1_58' title='bbox 1733 1248 1897 1309; x_wconf 89' lang='lat' dir='ltr'><strong>sicut</strong></span> <span class='ocrx_word' id='word_1_59' title='bbox 1940 1248 2139 1319; x_wconf 86' lang='lat' dir='ltr'><strong>decet,</strong></span> <span class='ocrx_word' id='word_1_60' title='bbox 2184 1267 2297 1328; x_wconf 91' lang='lat' dir='ltr'><strong>pro</strong></span> <span class='ocrx_word' id='word_1_61' title='bbox 2344 1248 2477 1309; x_wconf 86' lang='lat' dir='ltr'><strong>viro</strong></span> <span class='ocrx_word' id='word_1_62' title='bbox 2524 1248 2838 1329; x_wconf 86' lang='lat' dir='ltr'><strong>fidedigno</strong></span> <span class='ocrx_word' id='word_1_63' title='bbox 2880 1254 2945 1309; x_wconf 87' lang='lat' dir='ltr'><strong>et</strong></span> <span class='ocrx_word' id='word_1_64' title='bbox 2985 1248 3157 1327; x_wconf 87' lang='lat' dir='ltr'><strong>justo</strong></span> <span class='ocrx_word' id='word_1_65' title='bbox 3202 1252 3273 1309; x_wconf 87' lang='lat' dir='ltr'><strong>in</strong></span> 
     </span>
     <span class='ocr_line' id='line_1_9' title="bbox 804 1353 3270 1433; baseline 0.001 -18"><span class='ocrx_word' id='word_1_66' title='bbox 804 1354 1094 1415; x_wconf 89' lang='lat' dir='ltr'><strong>omnibus</strong></span> <span class='ocrx_word' id='word_1_67' title='bbox 1123 1353 1487 1425; x_wconf 88' lang='lat' dir='ltr'><strong>habeamus,</strong></span> <span class='ocrx_word' id='word_1_68' title='bbox 1509 1353 1908 1433; x_wconf 91' lang='lat' dir='ltr'><strong>inquisicioni</strong></span> <span class='ocrx_word' id='word_1_69' title='bbox 1931 1361 2146 1415; x_wconf 86' lang='lat' dir='ltr'><strong>tamen</strong></span> <span class='ocrx_word' id='word_1_70' title='bbox 2164 1372 2276 1433; x_wconf 91' lang='lat' dir='ltr'><strong>per</strong></span> <span class='ocrx_word' id='word_1_71' title='bbox 2292 1362 2535 1414; x_wconf 85' lang='lat' dir='ltr'><strong>vestros</strong></span> <span class='ocrx_word' id='word_1_72' title='bbox 2568 1354 2961 1415; x_wconf 88' lang='lat' dir='ltr'><strong>Senescallos</strong></span> <span class='ocrx_word' id='word_1_73' title='bbox 2979 1354 3270 1417; x_wconf 76' lang='lat' dir='ltr'><strong>faciende</strong></span> 
     </span>
     <span class='ocr_line' id='line_1_10' title="bbox 803 1458 3265 1539; baseline 0 -20"><span class='ocrx_word' id='word_1_74' title='bbox 803 1460 906 1539; x_wconf 82' lang='lat' dir='ltr'><strong>jus</strong></span> <span class='ocrx_word' id='word_1_75' title='bbox 933 1465 1222 1520; x_wconf 89' lang='lat' dir='ltr'><strong>nostrum</strong></span> <span class='ocrx_word' id='word_1_76' title='bbox 1255 1478 1604 1539; x_wconf 86' lang='lat' dir='ltr'><strong>supponere</strong></span> <span class='ocrx_word' id='word_1_77' title='bbox 1633 1480 1749 1521; x_wconf 88' lang='lat' dir='ltr'><strong>nec</strong></span> <span class='ocrx_word' id='word_1_78' title='bbox 1777 1459 2071 1521; x_wconf 85' lang='lat' dir='ltr'><strong>volumus</strong></span> <span class='ocrx_word' id='word_1_79' title='bbox 2100 1479 2215 1520; x_wconf 92' lang='lat' dir='ltr'><strong>nec</strong></span> <span class='ocrx_word' id='word_1_80' title='bbox 2251 1458 2582 1520; x_wconf 74' lang='lat' dir='ltr'><strong>audemus,</strong></span> <span class='ocrx_word' id='word_1_81' title='bbox 2670 1460 2779 1520; x_wconf 86' lang='lat' dir='ltr'><strong>Set</strong></span> <span class='ocrx_word' id='word_1_82' title='bbox 2810 1480 2979 1520; x_wconf 89' lang='lat' dir='ltr'><strong>nunc</strong></span> <span class='ocrx_word' id='word_1_83' title='bbox 3008 1461 3265 1533; x_wconf 84' lang='lat' dir='ltr'><strong>iterum,</strong></span> 
     </span>
     <span class='ocr_line' id='line_1_11' title="bbox 805 1564 3269 1646; baseline 0 -19"><span class='ocrx_word' id='word_1_84' title='bbox 805 1566 966 1628; x_wconf 88' lang='lat' dir='ltr'><strong>sicut</strong></span> <span class='ocrx_word' id='word_1_85' title='bbox 1021 1565 1214 1643; x_wconf 85' lang='lat' dir='ltr'><strong>prius,</strong></span> <span class='ocrx_word' id='word_1_86' title='bbox 1277 1566 1697 1626; x_wconf 86' lang='lat' dir='ltr'><strong>Serenitatem</strong></span> <span class='ocrx_word' id='word_1_87' title='bbox 1748 1570 2044 1636; x_wconf 81' lang='lat' dir='ltr'><strong>vestram,</strong></span> <span class='ocrx_word' id='word_1_88' title='bbox 2103 1569 2275 1626; x_wconf 89' lang='lat' dir='ltr'><strong>omni</strong></span> <span class='ocrx_word' id='word_1_89' title='bbox 2332 1564 2669 1625; x_wconf 83' lang='lat' dir='ltr'><strong>affeccione</strong></span> <span class='ocrx_word' id='word_1_90' title='bbox 2723 1584 2850 1646; x_wconf 89' lang='lat' dir='ltr'><strong>qua</strong></span> <span class='ocrx_word' id='word_1_91' title='bbox 2904 1585 3269 1644; x_wconf 79' lang='lat' dir='ltr'><strong>possumne,</strong></span> 
     </span>
     <span class='ocr_line' id='line_1_12' title="bbox 804 1670 3271 1752; baseline -0.001 -19"><span class='ocrx_word' id='word_1_92' title='bbox 804 1691 1139 1733; x_wconf 83' lang='lat' dir='ltr'><strong>exoramus</strong></span> <span class='ocrx_word' id='word_1_93' title='bbox 1195 1672 1496 1752; x_wconf 78' lang='lat' dir='ltr'><strong>quatinus</strong></span> <span class='ocrx_word' id='word_1_94' title='bbox 1554 1672 1752 1732; x_wconf 90' lang='lat' dir='ltr'><strong>dictas</strong></span> <span class='ocrx_word' id='word_1_95' title='bbox 1808 1678 1939 1733; x_wconf 88' lang='lat' dir='ltr'><strong>tres</strong></span> <span class='ocrx_word' id='word_1_96' title='bbox 1992 1672 2174 1732; x_wconf 85' lang='lat' dir='ltr'><strong>villas</strong></span> <span class='ocrx_word' id='word_1_97' title='bbox 2222 1670 2404 1732; x_wconf 93' lang='lat' dir='ltr'><strong>nobis</strong></span> <span class='ocrx_word' id='word_1_98' title='bbox 2447 1677 2509 1732; x_wconf 90' lang='lat' dir='ltr'><strong>et</strong></span> <span class='ocrx_word' id='word_1_99' title='bbox 2550 1671 2835 1733; x_wconf 86' lang='lat' dir='ltr'><strong>Ecclesie</strong></span> <span class='ocrx_word' id='word_1_100' title='bbox 2890 1678 3126 1743; x_wconf 85' lang='lat' dir='ltr'><strong>nostre,</strong></span> <span class='ocrx_word' id='word_1_101' title='bbox 3186 1671 3271 1732; x_wconf 94' lang='lat' dir='ltr'><strong>ob</strong></span> 
     </span>
     <span class='ocr_line' id='line_1_13' title="bbox 803 1777 3271 1856; baseline 0 -19"><span class='ocrx_word' id='word_1_102' title='bbox 803 1777 1103 1839; x_wconf 87' lang='lat' dir='ltr'><strong>honorem</strong></span> <span class='ocrx_word' id='word_1_103' title='bbox 1160 1786 1438 1838; x_wconf 84' lang='lat' dir='ltr'><strong>vestrum</strong></span> <span class='ocrx_word' id='word_1_104' title='bbox 1497 1782 1559 1837; x_wconf 90' lang='lat' dir='ltr'><strong>et</strong></span> <span class='ocrx_word' id='word_1_105' title='bbox 1615 1778 1826 1839; x_wconf 90' lang='lat' dir='ltr'><strong>anime</strong></span> <span class='ocrx_word' id='word_1_106' title='bbox 1867 1786 2075 1839; x_wconf 86' lang='lat' dir='ltr'><strong>vestre</strong></span> <span class='ocrx_word' id='word_1_107' title='bbox 2116 1778 2460 1856; x_wconf 88' lang='lat' dir='ltr'><strong>periculum</strong></span> <span class='ocrx_word' id='word_1_108' title='bbox 2506 1777 2890 1848; x_wconf 88' lang='lat' dir='ltr'><strong>evitandum,</strong></span> <span class='ocrx_word' id='word_1_109' title='bbox 2936 1778 3163 1847; x_wconf 73' lang='lat' dir='ltr'><strong>velitis,</strong></span> <span class='ocrx_word' id='word_1_110' title='bbox 3212 1778 3271 1839; x_wconf 91' lang='lat' dir='ltr'><strong>si</strong></span> 
     </span>
     <span class='ocr_line' id='line_1_14' title="bbox 799 1883 3269 1964; baseline 0 -21"><span class='ocrx_word' id='word_1_111' title='bbox 799 1884 1026 1962; x_wconf 89' lang='lat' dir='ltr'><strong>placet,</strong></span> <span class='ocrx_word' id='word_1_112' title='bbox 1086 1883 1344 1944; x_wconf 83' lang='lat' dir='ltr'><strong>reddere</strong></span> <span class='ocrx_word' id='word_1_113' title='bbox 1399 1901 1544 1943; x_wconf 92' lang='lat' dir='ltr'><strong>cum</strong></span> <span class='ocrx_word' id='word_1_114' title='bbox 1600 1883 1869 1955; x_wconf 83' lang='lat' dir='ltr'><strong>effectu;</strong></span> <span class='ocrx_word' id='word_1_115' title='bbox 1929 1884 2201 1944; x_wconf 89' lang='lat' dir='ltr'><strong>scientes</strong></span> <span class='ocrx_word' id='word_1_116' title='bbox 2256 1884 2444 1964; x_wconf 90' lang='lat' dir='ltr'><strong>quod,</strong></span> <span class='ocrx_word' id='word_1_117' title='bbox 2511 1884 2799 1964; x_wconf 82' lang='lat' dir='ltr'><strong>quamvis</strong></span> <span class='ocrx_word' id='word_1_118' title='bbox 2842 1891 3062 1945; x_wconf 87' lang='lat' dir='ltr'><strong>contra</strong></span> <span class='ocrx_word' id='word_1_119' title='bbox 3118 1904 3269 1944; x_wconf 88' lang='lat' dir='ltr'><strong>con·</strong></span> 
     </span>
     <span class='ocr_line' id='line_1_15' title="bbox 801 1988 3271 2075; baseline 0.002 -28"><span class='ocrx_word' id='word_1_120' title='bbox 801 1988 1158 2049; x_wconf 89' lang='lat' dir='ltr'><strong>tencionem</strong></span> <span class='ocrx_word' id='word_1_121' title='bbox 1201 1988 1586 2067; x_wconf 74' lang='lat' dir='ltr'><strong>corporalem</strong></span> <span class='ocrx_word' id='word_1_122' title='bbox 1643 2008 1786 2048; x_wconf 90' lang='lat' dir='ltr'><strong>cum</strong></span> <span class='ocrx_word' id='word_1_123' title='bbox 1835 1990 2027 2049; x_wconf 88' lang='lat' dir='ltr'><strong>armis</strong></span> <span class='ocrx_word' id='word_1_124' title='bbox 2071 1989 2503 2075; x_wconf 75' lang='lat' dir='ltr'><strong>materialibus</strong></span> <span class='ocrx_word' id='word_1_125' title='bbox 2544 1989 2815 2050; x_wconf 90' lang='lat' dir='ltr'><strong>nolimus</strong></span> <span class='ocrx_word' id='word_1_126' title='bbox 2858 2009 3110 2051; x_wconf 87' lang='lat' dir='ltr'><strong>movere</strong></span> <span class='ocrx_word' id='word_1_127' title='bbox 3151 2010 3271 2069; x_wconf 86' lang='lat' dir='ltr'><strong>pro</strong></span> 
     </span>
     <span class='ocr_line' id='line_1_16' title="bbox 803 2094 3268 2173; baseline 0.001 -18"><span class='ocrx_word' id='word_1_128' title='bbox 803 2094 915 2166; x_wconf 93' lang='lat' dir='ltr'><strong>eis,</strong></span> <span class='ocrx_word' id='word_1_129' title='bbox 975 2114 1103 2155; x_wconf 92' lang='lat' dir='ltr'><strong>non</strong></span> <span class='ocrx_word' id='word_1_130' title='bbox 1167 2099 1382 2154; x_wconf 89' lang='lat' dir='ltr'><strong>tamen</strong></span> <span class='ocrx_word' id='word_1_131' title='bbox 1443 2094 1789 2173; x_wconf 86' lang='lat' dir='ltr'><strong>poterimus</strong></span> <span class='ocrx_word' id='word_1_132' title='bbox 1856 2096 2179 2155; x_wconf 91' lang='lat' dir='ltr'><strong>continere</strong></span> <span class='ocrx_word' id='word_1_133' title='bbox 2247 2095 2398 2173; x_wconf 91' lang='lat' dir='ltr'><strong>quin</strong></span> <span class='ocrx_word' id='word_1_134' title='bbox 2470 2094 2613 2172; x_wconf 86' lang='lat' dir='ltr'><strong>jura</strong></span> <span class='ocrx_word' id='word_1_135' title='bbox 2674 2094 2958 2155; x_wconf 88' lang='lat' dir='ltr'><strong>Ecclesie</strong></span> <span class='ocrx_word' id='word_1_136' title='bbox 3025 2102 3268 2165; x_wconf 86' lang='lat' dir='ltr'><strong>nostre,</strong></span> 
     </span>
     <span class='ocr_line' id='line_1_17' title="bbox 803 2200 3270 2273; baseline -0 -10"><span class='ocrx_word' id='word_1_137' title='bbox 803 2202 1145 2263; x_wconf 87' lang='lat' dir='ltr'><strong>secundum</strong></span> <span class='ocrx_word' id='word_1_138' title='bbox 1179 2202 1666 2262; x_wconf 87' lang='lat' dir='ltr'><strong>constituciones</strong></span> <span class='ocrx_word' id='word_1_139' title='bbox 1707 2202 2189 2273; x_wconf 86' lang='lat' dir='ltr'><strong>ecclesiasticas,</strong></span> <span class='ocrx_word' id='word_1_140' title='bbox 2219 2200 2285 2260; x_wconf 92' lang='lat' dir='ltr'><strong>in</strong></span> <span class='ocrx_word' id='word_1_141' title='bbox 2316 2200 2505 2261; x_wconf 86' lang='lat' dir='ltr'><strong>dictis</strong></span> <span class='ocrx_word' id='word_1_142' title='bbox 2534 2200 2697 2261; x_wconf 86' lang='lat' dir='ltr'><strong>villis</strong></span> <span class='ocrx_word' id='word_1_143' title='bbox 2727 2207 2790 2261; x_wconf 92' lang='lat' dir='ltr'><strong>et</strong></span> <span class='ocrx_word' id='word_1_144' title='bbox 2820 2201 2959 2261; x_wconf 86' lang='lat' dir='ltr'><strong>aliis</strong></span> <span class='ocrx_word' id='word_1_145' title='bbox 2987 2202 3270 2262; x_wconf 86' lang='lat' dir='ltr'><strong>alienata</strong></span> 
     </span>
     <span class='ocr_line' id='line_1_18' title="bbox 802 2306 3267 2387; baseline 0 -20"><span class='ocrx_word' id='word_1_146' title='bbox 802 2308 1018 2368; x_wconf 86' lang='lat' dir='ltr'><strong>illicite</strong></span> <span class='ocrx_word' id='word_1_147' title='bbox 1073 2308 1172 2369; x_wconf 88' lang='lat' dir='ltr'><strong>vel</strong></span> <span class='ocrx_word' id='word_1_148' title='bbox 1227 2313 1496 2378; x_wconf 85' lang='lat' dir='ltr'><strong>retenta,</strong></span> <span class='ocrx_word' id='word_1_149' title='bbox 1554 2308 1718 2369; x_wconf 89' lang='lat' dir='ltr'><strong>sicut</strong></span> <span class='ocrx_word' id='word_1_150' title='bbox 1787 2308 2015 2368; x_wconf 89' lang='lat' dir='ltr'><strong>melius</strong></span> <span class='ocrx_word' id='word_1_151' title='bbox 2083 2306 2373 2387; x_wconf 82' lang='lat' dir='ltr'><strong>expedire</strong></span> <span class='ocrx_word' id='word_1_152' title='bbox 2442 2306 2802 2378; x_wconf 85' lang='lat' dir='ltr'><strong>viderimus,</strong></span> <span class='ocrx_word' id='word_1_153' title='bbox 2875 2326 3267 2379; x_wconf 82' lang='lat' dir='ltr'><strong>revocemus,</strong></span> 
     </span>
     <span class='ocr_line' id='line_1_19' title="bbox 801 2411 3269 2500; baseline 0 -27"><span class='ocrx_word' id='word_1_154' title='bbox 801 2414 1091 2474; x_wconf 85' lang='lat' dir='ltr'><strong>homines</strong></span> <span class='ocrx_word' id='word_1_155' title='bbox 1135 2413 1444 2473; x_wconf 87' lang='lat' dir='ltr'><strong>dictarum</strong></span> <span class='ocrx_word' id='word_1_156' title='bbox 1481 2412 1769 2474; x_wconf 86' lang='lat' dir='ltr'><strong>villarum</strong></span> <span class='ocrx_word' id='word_1_157' title='bbox 1814 2419 1879 2474; x_wconf 88' lang='lat' dir='ltr'><strong>et</strong></span> <span class='ocrx_word' id='word_1_158' title='bbox 1918 2414 2075 2475; x_wconf 89' lang='lat' dir='ltr'><strong>alios</strong></span> <span class='ocrx_word' id='word_1_159' title='bbox 2121 2411 2387 2496; x_wconf 90' lang='lat' dir='ltr'><strong>[contra]</strong></span> <span class='ocrx_word' id='word_1_160' title='bbox 2400 2414 2671 2473; x_wconf 83' lang='lat' dir='ltr'><strong>dictores</strong></span> <span class='ocrx_word' id='word_1_161' title='bbox 2713 2419 2775 2500; x_wconf 84' lang='lat' dir='ltr'><strong>et</strong></span> <span class='ocrx_word' id='word_1_162' title='bbox 2818 2413 3080 2474; x_wconf 86' lang='lat' dir='ltr'><strong>rebelles</strong></span> <span class='ocrx_word' id='word_1_163' title='bbox 3124 2433 3269 2493; x_wconf 91' lang='lat' dir='ltr'><strong>pro-</strong></span> 
     </span>
     <span class='ocr_line' id='line_1_20' title="bbox 803 2519 2866 2599; baseline -0 -19"><span class='ocrx_word' id='word_1_164' title='bbox 803 2519 1082 2581; x_wconf 87' lang='lat' dir='ltr'><strong>curando</strong></span> <span class='ocrx_word' id='word_1_165' title='bbox 1109 2538 1222 2599; x_wconf 91' lang='lat' dir='ltr'><strong>per</strong></span> <span class='ocrx_word' id='word_1_166' title='bbox 1249 2538 1574 2580; x_wconf 86' lang='lat' dir='ltr'><strong>censuram</strong></span> <span class='ocrx_word' id='word_1_167' title='bbox 1606 2519 2121 2589; x_wconf 88' lang='lat' dir='ltr'><strong>ecclesiasticam,</strong></span> <span class='ocrx_word' id='word_1_168' title='bbox 2154 2520 2209 2579; x_wconf 89' lang='lat' dir='ltr'><strong>si</strong></span> <span class='ocrx_word' id='word_1_169' title='bbox 2237 2524 2544 2599; x_wconf 82' lang='lat' dir='ltr'><strong>oporteat,</strong></span> <span class='ocrx_word' id='word_1_170' title='bbox 2576 2520 2866 2580; x_wconf 88' lang='lat' dir='ltr'><strong>coerceri.</strong></span> 
     </span>
    </p>
   </div>
   <div class='ocr_carea' id='block_1_4' title="bbox 803 2736 3265 3140">
    <p class='ocr_par' dir='ltr' id='par_1_4' title="bbox 803 2736 3265 3140">
     <span class='ocr_line' id='line_1_21' title="bbox 803 2736 3261 2816; baseline -0 -18"><span class='ocrx_word' id='word_1_171' title='bbox 803 2737 968 2816; x_wconf 75' lang='lat' dir='ltr'><strong>Sept.</strong></span> <span class='ocrx_word' id='word_1_172' title='bbox 997 2736 1388 2796; x_wconf 77' lang='lat' dir='ltr'><strong>16.—Letter</strong></span> <span class='ocrx_word' id='word_1_173' title='bbox 1415 2737 1485 2816; x_wconf 87' lang='lat' dir='ltr'><strong>of</strong></span> <span class='ocrx_word' id='word_1_174' title='bbox 1519 2736 1901 2815; x_wconf 77' lang='lat' dir='ltr'><strong>Archbishop</strong></span> <span class='ocrx_word' id='word_1_175' title='bbox 1942 2736 2303 2814; x_wconf 74' lang='lat' dir='ltr'><strong>Kilwardby</strong></span> <span class='ocrx_word' id='word_1_176' title='bbox 2342 2737 2562 2815; x_wconf 75' lang='lat' dir='ltr'><strong>urqinq</strong></span> <span class='ocrx_word' id='word_1_177' title='bbox 2600 2736 2907 2815; x_wconf 68' lang='lat' dir='ltr'><strong>Eleu-alyn</strong></span> <span class='ocrx_word' id='word_1_178' title='bbox 2938 2744 2994 2797; x_wconf 80' lang='lat' dir='ltr'><strong>to</strong></span> <span class='ocrx_word' id='word_1_179' title='bbox 3036 2744 3261 2797; x_wconf 75' lang='lat' dir='ltr'><strong>restore.</strong></span> 
     </span>
     <span class='ocr_line' id='line_1_22' title="bbox 1049 2817 3265 2896; baseline -0 -18"><span class='ocrx_word' id='word_1_180' title='bbox 1049 2817 1146 2878; x_wconf 78' lang='lat' dir='ltr'><strong>the</strong></span> <span class='ocrx_word' id='word_1_181' title='bbox 1196 2817 1447 2895; x_wconf 73' lang='lat' dir='ltr'><strong>villaqes</strong></span> <span class='ocrx_word' id='word_1_182' title='bbox 1498 2818 1757 2877; x_wconf 74' lang='lat' dir='ltr'><strong>claimed</strong></span> <span class='ocrx_word' id='word_1_183' title='bbox 1809 2818 1883 2895; x_wconf 73' lang='lat' dir='ltr'><strong>by</strong></span> <span class='ocrx_word' id='word_1_184' title='bbox 1936 2818 2032 2877; x_wconf 76' lang='lat' dir='ltr'><strong>the</strong></span> <span class='ocrx_word' id='word_1_185' title='bbox 2080 2818 2316 2896; x_wconf 68' lang='lat' dir='ltr'><strong>Bishop</strong></span> <span class='ocrx_word' id='word_1_186' title='bbox 2360 2818 2487 2877; x_wconf 75' lang='lat' dir='ltr'><strong>and</strong></span> <span class='ocrx_word' id='word_1_187' title='bbox 2533 2818 2811 2895; x_wconf 66' lang='lat' dir='ltr'><strong>war-nimy</strong></span> <span class='ocrx_word' id='word_1_188' title='bbox 2864 2817 2991 2877; x_wconf 73' lang='lat' dir='ltr'><strong>him</strong></span> <span class='ocrx_word' id='word_1_189' title='bbox 3043 2818 3177 2877; x_wconf 81' lang='lat' dir='ltr'><strong>that</strong></span> <span class='ocrx_word' id='word_1_190' title='bbox 3219 2839 3265 2877; x_wconf 83' lang='lat' dir='ltr'><strong>a</strong></span> 
     </span>
     <span class='ocr_line' id='line_1_23' title="bbox 1043 2898 3262 2978; baseline -0 -18"><span class='ocrx_word' id='word_1_191' title='bbox 1043 2906 1310 2960; x_wconf 79' lang='lat' dir='ltr'><strong>sentence</strong></span> <span class='ocrx_word' id='word_1_192' title='bbox 1358 2900 1428 2978; x_wconf 91' lang='lat' dir='ltr'><strong>of</strong></span> <span class='ocrx_word' id='word_1_193' title='bbox 1476 2898 1774 2978; x_wconf 76' lang='lat' dir='ltr'><strong>spiritual</strong></span> <span class='ocrx_word' id='word_1_194' title='bbox 1830 2919 2122 2970; x_wconf 71' lang='lat' dir='ltr'><strong>censuras,</strong></span> <span class='ocrx_word' id='word_1_195' title='bbox 2172 2899 2397 2978; x_wconf 76' lang='lat' dir='ltr'><strong>passed</strong></span> <span class='ocrx_word' id='word_1_196' title='bbox 2455 2899 2529 2976; x_wconf 76' lang='lat' dir='ltr'><strong>by</strong></span> <span class='ocrx_word' id='word_1_197' title='bbox 2596 2899 2691 2960; x_wconf 79' lang='lat' dir='ltr'><strong>the</strong></span> <span class='ocrx_word' id='word_1_198' title='bbox 2748 2900 3069 2977; x_wconf 74' lang='lat' dir='ltr'><strong>Maqnates</strong></span> <span class='ocrx_word' id='word_1_199' title='bbox 3134 2899 3262 2960; x_wconf 80' lang='lat' dir='ltr'><strong>and</strong></span> 
     </span>
     <span class='ocr_line' id='line_1_24' title="bbox 1041 2980 3263 3059; baseline 0 -20"><span class='ocrx_word' id='word_1_200' title='bbox 1041 2981 1312 3040; x_wconf 77' lang='lat' dir='ltr'><strong>Prelates</strong></span> <span class='ocrx_word' id='word_1_201' title='bbox 1385 2981 1455 3058; x_wconf 91' lang='lat' dir='ltr'><strong>of</strong></span> <span class='ocrx_word' id='word_1_202' title='bbox 1516 2980 1826 3057; x_wconf 73' lang='lat' dir='ltr'><strong>Enqlcmd,</strong></span> <span class='ocrx_word' id='word_1_203' title='bbox 1885 2981 2133 3057; x_wconf 62' lang='lat' dir='ltr'><strong>aqam-st</strong></span> <span class='ocrx_word' id='word_1_204' title='bbox 2196 2981 2293 3040; x_wconf 77' lang='lat' dir='ltr'><strong>the</strong></span> <span class='ocrx_word' id='word_1_205' title='bbox 2348 2981 2639 3040; x_wconf 68' lang='lat' dir='ltr'><strong>violatore</strong></span> <span class='ocrx_word' id='word_1_206' title='bbox 2676 2982 2766 3059; x_wconf 89' lang='lat' dir='ltr'><strong>&#39;of</strong></span> <span class='ocrx_word' id='word_1_207' title='bbox 2826 2980 3263 3041; x_wconf 57' lang='lat' dir='ltr'><strong>ecclesiastica}</strong></span> 
     </span>
     <span class='ocr_line' id='line_1_25' title="bbox 1045 3060 2547 3140; baseline 0 -20"><span class='ocrx_word' id='word_1_208' title='bbox 1045 3062 1262 3140; x_wconf 72' lang='lat' dir='ltr'><strong>riqhts,</strong></span> <span class='ocrx_word' id='word_1_209' title='bbox 1324 3060 1446 3120; x_wconf 80' lang='lat' dir='ltr'><strong>had</strong></span> <span class='ocrx_word' id='word_1_210' title='bbox 1504 3062 1644 3120; x_wconf 42' lang='lat' dir='ltr'><strong>beten</strong></span> <span class='ocrx_word' id='word_1_211' title='bbox 1699 3061 2021 3138; x_wconf 75' lang='lat' dir='ltr'><strong>confirvaed</strong></span> <span class='ocrx_word' id='word_1_212' title='bbox 2080 3063 2153 3139; x_wconf 71' lang='lat' dir='ltr'><strong>by</strong></span> <span class='ocrx_word' id='word_1_213' title='bbox 2214 3062 2311 3121; x_wconf 76' lang='lat' dir='ltr'><strong>the</strong></span> <span class='ocrx_word' id='word_1_214' title='bbox 2366 3062 2547 3140; x_wconf 75' lang='lat' dir='ltr'><strong>Pope.</strong></span> 
     </span>
    </p>
   </div>
   <div class='ocr_carea' id='block_1_5' title="bbox 801 3208 3260 4876">
    <p class='ocr_par' dir='ltr' id='par_1_5' title="bbox 801 3208 3260 4876">
     <span class='ocr_line' id='line_1_26' title="bbox 964 3208 3258 3288; baseline 0 -19"><span class='ocrx_word' id='word_1_215' title='bbox 964 3209 1226 3269; x_wconf 61' lang='lat' dir='ltr'><strong>Commi</strong></span> <span class='ocrx_word' id='word_1_216' title='bbox 1296 3208 1674 3269; x_wconf 68' lang='lat' dir='ltr'><strong>Lnumnum.</strong></span> <span class='ocrx_word' id='word_1_217' title='bbox 1735 3244 1815 3253; x_wconf 89' lang='lat'>—</span> <span class='ocrx_word' id='word_1_218' title='bbox 1870 3209 2091 3269; x_wconf 82' lang='lat' dir='ltr'><strong>Frater</strong></span> <span class='ocrx_word' id='word_1_219' title='bbox 2162 3210 2491 3280; x_wconf 85' lang='lat' dir='ltr'><strong>Robertus,</strong></span> <span class='ocrx_word' id='word_1_220' title='bbox 2564 3210 2973 3288; x_wconf 84' lang='lat' dir='ltr'><strong>permissione</strong></span> <span class='ocrx_word' id='word_1_221' title='bbox 3045 3210 3258 3269; x_wconf 87' lang='lat' dir='ltr'><strong>divina</strong></span> 
     </span>
     <span class='ocr_line' id='line_1_27' title="bbox 802 3313 3257 3394; baseline 0 -19"><span class='ocrx_word' id='word_1_222' title='bbox 802 3313 1280 3375; x_wconf 86' lang='lat' dir='ltr'><strong>Cantuariensis</strong></span> <span class='ocrx_word' id='word_1_223' title='bbox 1330 3314 1867 3394; x_wconf 86' lang='lat' dir='ltr'><strong>Archiepiscopus,</strong></span> <span class='ocrx_word' id='word_1_224' title='bbox 1930 3315 2133 3376; x_wconf 88' lang='lat' dir='ltr'><strong>tocius</strong></span> <span class='ocrx_word' id='word_1_225' title='bbox 2178 3315 2395 3393; x_wconf 85' lang='lat' dir='ltr'><strong>Anglie</strong></span> <span class='ocrx_word' id='word_1_226' title='bbox 2451 3315 2718 3384; x_wconf 80' lang='lat' dir='ltr'><strong>Primae,</strong></span> <span class='ocrx_word' id='word_1_227' title='bbox 2765 3315 2979 3375; x_wconf 88' lang='lat' dir='ltr'><strong>Nobili</strong></span> <span class='ocrx_word' id='word_1_228' title='bbox 3023 3316 3154 3375; x_wconf 90' lang='lat' dir='ltr'><strong>viro</strong></span> <span class='ocrx_word' id='word_1_229' title='bbox 3196 3322 3257 3375; x_wconf 89' lang='lat' dir='ltr'><strong>et</strong></span> 
     </span>
     <span class='ocr_line' id='line_1_28' title="bbox 801 3418 3259 3502; baseline 0.001 -22"><span class='ocrx_word' id='word_1_230' title='bbox 801 3419 1005 3480; x_wconf 90' lang='lat' dir='ltr'><strong>amico</strong></span> <span class='ocrx_word' id='word_1_231' title='bbox 1062 3418 1412 3490; x_wconf 77' lang='lat' dir='ltr'><strong>karissimo,</strong></span> <span class='ocrx_word' id='word_1_232' title='bbox 1473 3420 1744 3480; x_wconf 90' lang='lat' dir='ltr'><strong>Domino</strong></span> <span class='ocrx_word' id='word_1_233' title='bbox 1802 3419 2153 3502; x_wconf 89' lang='lat' dir='ltr'><strong>L[eulino]‚</strong></span> <span class='ocrx_word' id='word_1_234' title='bbox 2215 3420 2489 3498; x_wconf 90' lang='lat' dir='ltr'><strong>Principi</strong></span> <span class='ocrx_word' id='word_1_235' title='bbox 2556 3421 2781 3482; x_wconf 90' lang='lat' dir='ltr'><strong>Wallie</strong></span> <span class='ocrx_word' id='word_1_236' title='bbox 2852 3430 2914 3480; x_wconf 89' lang='lat' dir='ltr'><strong>et</strong></span> <span class='ocrx_word' id='word_1_237' title='bbox 2986 3422 3259 3482; x_wconf 91' lang='lat' dir='ltr'><strong>Domino</strong></span> 
     </span>
     <span class='ocr_line' id='line_1_29' title="bbox 805 3524 3258 3597; baseline 0 -10"><span class='ocrx_word' id='word_1_238' title='bbox 805 3524 1185 3597; x_wconf 84' lang='lat' dir='ltr'><strong>Snaudonie,</strong></span> <span class='ocrx_word' id='word_1_239' title='bbox 1218 3525 1487 3586; x_wconf 84' lang='lat' dir='ltr'><strong>salutem</strong></span> <span class='ocrx_word' id='word_1_240' title='bbox 1517 3533 1580 3586; x_wconf 90' lang='lat' dir='ltr'><strong>et</strong></span> <span class='ocrx_word' id='word_1_241' title='bbox 1615 3526 1910 3585; x_wconf 83' lang='lat' dir='ltr'><strong>Sanctam</strong></span> <span class='ocrx_word' id='word_1_242' title='bbox 1935 3526 2291 3586; x_wconf 87' lang='lat' dir='ltr'><strong>Ecclesiam</strong></span> <span class='ocrx_word' id='word_1_243' title='bbox 2326 3527 2589 3586; x_wconf 87' lang='lat' dir='ltr'><strong>Matrem</strong></span> <span class='ocrx_word' id='word_1_244' title='bbox 2621 3534 2892 3587; x_wconf 85' lang='lat' dir='ltr'><strong>vestram</strong></span> <span class='ocrx_word' id='word_1_245' title='bbox 2922 3527 3258 3589; x_wconf 88' lang='lat' dir='ltr'><strong>devocione</strong></span> 
     </span>
     <span class='ocr_line' id='line_1_30' title="bbox 804 3630 3259 3711; baseline 0.001 -20"><span class='ocrx_word' id='word_1_246' title='bbox 804 3630 1016 3691; x_wconf 88' lang='lat' dir='ltr'><strong>debita</strong></span> <span class='ocrx_word' id='word_1_247' title='bbox 1054 3631 1341 3691; x_wconf 86' lang='lat' dir='ltr'><strong>revereri.</strong></span> <span class='ocrx_word' id='word_1_248' title='bbox 1430 3630 1886 3702; x_wconf 84' lang='lat' dir='ltr'><strong>Intelleximus,</strong></span> <span class='ocrx_word' id='word_1_249' title='bbox 1934 3650 2059 3691; x_wconf 90' lang='lat' dir='ltr'><strong>non</strong></span> <span class='ocrx_word' id='word_1_250' title='bbox 2110 3631 2428 3692; x_wconf 91' lang='lat' dir='ltr'><strong>modicum</strong></span> <span class='ocrx_word' id='word_1_251' title='bbox 2474 3631 2878 3704; x_wconf 74' lang='lat' dir='ltr'><strong>admit-antee,</strong></span> <span class='ocrx_word' id='word_1_252' title='bbox 2931 3633 3094 3711; x_wconf 89' lang='lat' dir='ltr'><strong>quod</strong></span> <span class='ocrx_word' id='word_1_253' title='bbox 3149 3652 3259 3693; x_wconf 87' lang='lat' dir='ltr'><strong>vos</strong></span> 
     </span>
     <span class='ocr_line' id='line_1_31' title="bbox 805 3734 3259 3817; baseline 0.001 -21"><span class='ocrx_word' id='word_1_254' title='bbox 805 3743 934 3796; x_wconf 85' lang='lat' dir='ltr'><strong>tres</strong></span> <span class='ocrx_word' id='word_1_255' title='bbox 970 3734 1174 3805; x_wconf 87' lang='lat' dir='ltr'><strong>villas,</strong></span> <span class='ocrx_word' id='word_1_256' title='bbox 1214 3734 1519 3806; x_wconf 84' lang='lat' dir='ltr'><strong>videlicet,</strong></span> <span class='ocrx_word' id='word_1_257' title='bbox 1562 3738 1822 3807; x_wconf 87' lang='lat' dir='ltr'><strong>Astone,</strong></span> <span class='ocrx_word' id='word_1_258' title='bbox 1878 3736 2222 3807; x_wconf 91' lang='lat' dir='ltr'><strong>Muletone,</strong></span> <span class='ocrx_word' id='word_1_259' title='bbox 2265 3748 2329 3796; x_wconf 86' lang='lat' dir='ltr'><strong>et</strong></span> <span class='ocrx_word' id='word_1_260' title='bbox 2370 3737 2733 3808; x_wconf 82' lang='lat' dir='ltr'><strong>Chestroke‚</strong></span> <span class='ocrx_word' id='word_1_261' title='bbox 2777 3747 3138 3817; x_wconf 84' lang='lat' dir='ltr'><strong>spectantes</strong></span> <span class='ocrx_word' id='word_1_262' title='bbox 3180 3738 3259 3799; x_wconf 83' lang='lat' dir='ltr'><strong>ad</strong></span> 
     </span>
     <span class='ocr_line' id='line_1_32' title="bbox 803 3841 3259 3921; baseline 0.001 -20"><span class='ocrx_word' id='word_1_263' title='bbox 803 3841 1258 3920; x_wconf 86' lang='lat' dir='ltr'><strong>Episcopatum</strong></span> <span class='ocrx_word' id='word_1_264' title='bbox 1291 3841 1841 3912; x_wconf 86' lang='lat' dir='ltr'><strong>Herefordensem,</strong></span> <span class='ocrx_word' id='word_1_265' title='bbox 1874 3842 2247 3903; x_wconf 86' lang='lat' dir='ltr'><strong>detenuistis</strong></span> <span class='ocrx_word' id='word_1_266' title='bbox 2281 3848 2345 3903; x_wconf 90' lang='lat' dir='ltr'><strong>et</strong></span> <span class='ocrx_word' id='word_1_267' title='bbox 2374 3843 2699 3921; x_wconf 86' lang='lat' dir='ltr'><strong>occupatis</strong></span> <span class='ocrx_word' id='word_1_268' title='bbox 2731 3864 2770 3903; x_wconf 88' lang='lat' dir='ltr'><strong>a</strong></span> <span class='ocrx_word' id='word_1_269' title='bbox 2800 3843 2925 3914; x_wconf 89' lang='lat' dir='ltr'><strong>diu,</strong></span> <span class='ocrx_word' id='word_1_270' title='bbox 2959 3851 3022 3903; x_wconf 91' lang='lat' dir='ltr'><strong>et</strong></span> <span class='ocrx_word' id='word_1_271' title='bbox 3054 3845 3259 3905; x_wconf 88' lang='lat' dir='ltr'><strong>adhuc</strong></span> 
     </span>
     <span class='ocr_line' id='line_1_33' title="bbox 803 3946 3258 4029; baseline 0.002 -21"><span class='ocrx_word' id='word_1_272' title='bbox 803 3954 1026 4009; x_wconf 87' lang='lat' dir='ltr'><strong>contra</strong></span> <span class='ocrx_word' id='word_1_273' title='bbox 1050 3946 1366 4026; x_wconf 82' lang='lat' dir='ltr'><strong>justiciam</strong></span> <span class='ocrx_word' id='word_1_274' title='bbox 1397 3946 1712 4018; x_wconf 89' lang='lat' dir='ltr'><strong>detinetis,</strong></span> <span class='ocrx_word' id='word_1_275' title='bbox 1745 3947 1809 4007; x_wconf 92' lang='lat' dir='ltr'><strong>in</strong></span> <span class='ocrx_word' id='word_1_276' title='bbox 1853 3949 2051 4026; x_wconf 88' lang='lat' dir='ltr'><strong>ipsius</strong></span> <span class='ocrx_word' id='word_1_277' title='bbox 2090 3948 2387 4028; x_wconf 88' lang='lat' dir='ltr'><strong>Episcopi</strong></span> <span class='ocrx_word' id='word_1_278' title='bbox 2416 3956 2479 4009; x_wconf 87' lang='lat' dir='ltr'><strong>et</strong></span> <span class='ocrx_word' id='word_1_279' title='bbox 2510 3967 2620 4009; x_wconf 88' lang='lat' dir='ltr'><strong>sue</strong></span> <span class='ocrx_word' id='word_1_280' title='bbox 2651 3949 2931 4011; x_wconf 87' lang='lat' dir='ltr'><strong>Ecclesie</strong></span> <span class='ocrx_word' id='word_1_281' title='bbox 2961 3971 3258 4029; x_wconf 85' lang='lat' dir='ltr'><strong>magnum</strong></span> 
     </span>
     <span class='ocr_line' id='line_1_34' title="bbox 802 4053 3256 4135; baseline 0.001 -21"><span class='ocrx_word' id='word_1_282' title='bbox 802 4053 1220 4135; x_wconf 80' lang='lat' dir='ltr'><strong>prejudicium</strong></span> <span class='ocrx_word' id='word_1_283' title='bbox 1249 4057 1311 4113; x_wconf 85' lang='lat' dir='ltr'><strong>et</strong></span> <span class='ocrx_word' id='word_1_284' title='bbox 1340 4053 1546 4113; x_wconf 90' lang='lat' dir='ltr'><strong>anime</strong></span> <span class='ocrx_word' id='word_1_285' title='bbox 1575 4059 1780 4113; x_wconf 83' lang='lat' dir='ltr'><strong>vestre</strong></span> <span class='ocrx_word' id='word_1_286' title='bbox 1809 4073 1997 4131; x_wconf 86' lang='lat' dir='ltr'><strong>grave</strong></span> <span class='ocrx_word' id='word_1_287' title='bbox 2031 4054 2397 4133; x_wconf 89' lang='lat' dir='ltr'><strong>periculum,</strong></span> <span class='ocrx_word' id='word_1_288' title='bbox 2429 4055 2595 4133; x_wconf 91' lang='lat' dir='ltr'><strong>quod</strong></span> <span class='ocrx_word' id='word_1_289' title='bbox 2625 4055 2935 4116; x_wconf 89' lang='lat' dir='ltr'><strong>deberetis</strong></span> <span class='ocrx_word' id='word_1_290' title='bbox 2963 4056 3256 4135; x_wconf 88' lang='lat' dir='ltr'><strong>precipue</strong></span> 
     </span>
     <span class='ocr_line' id='line_1_35' title="bbox 807 4159 3255 4240; baseline 0.001 -18"><span class='ocrx_word' id='word_1_291' title='bbox 807 4168 870 4222; x_wconf 88' lang='lat' dir='ltr'><strong>et</strong></span> <span class='ocrx_word' id='word_1_292' title='bbox 915 4180 1100 4240; x_wconf 88' lang='lat' dir='ltr'><strong>super</strong></span> <span class='ocrx_word' id='word_1_293' title='bbox 1145 4159 1357 4220; x_wconf 89' lang='lat' dir='ltr'><strong>omnia</strong></span> <span class='ocrx_word' id='word_1_294' title='bbox 1401 4159 1754 4220; x_wconf 79' lang='lat' dir='ltr'><strong>formidare.</strong></span> <span class='ocrx_word' id='word_1_295' title='bbox 1861 4160 1969 4232; x_wconf 87' lang='lat' dir='ltr'><strong>Et,</strong></span> <span class='ocrx_word' id='word_1_296' title='bbox 2016 4159 2164 4240; x_wconf 88' lang='lat' dir='ltr'><strong>quia</strong></span> <span class='ocrx_word' id='word_1_297' title='bbox 2207 4161 2371 4220; x_wconf 90' lang='lat' dir='ltr'><strong>inter</strong></span> <span class='ocrx_word' id='word_1_298' title='bbox 2414 4169 2659 4222; x_wconf 86' lang='lat' dir='ltr'><strong>ceteras</strong></span> <span class='ocrx_word' id='word_1_299' title='bbox 2712 4161 3255 4240; x_wconf 84' lang='lat' dir='ltr'><strong>Suffraganeorum</strong></span> 
     </span>
     <span class='ocr_line' id='line_1_36' title="bbox 805 4265 3259 4347; baseline 0.001 -20"><span class='ocrx_word' id='word_1_300' title='bbox 805 4275 1162 4328; x_wconf 87' lang='lat' dir='ltr'><strong>nostrorum</strong></span> <span class='ocrx_word' id='word_1_301' title='bbox 1220 4265 1540 4327; x_wconf 89' lang='lat' dir='ltr'><strong>Ecclesias</strong></span> <span class='ocrx_word' id='word_1_302' title='bbox 1595 4268 1660 4325; x_wconf 92' lang='lat' dir='ltr'><strong>in</strong></span> <span class='ocrx_word' id='word_1_303' title='bbox 1715 4285 1981 4345; x_wconf 87' lang='lat' dir='ltr'><strong>quarum</strong></span> <span class='ocrx_word' id='word_1_304' title='bbox 2050 4267 2260 4345; x_wconf 88' lang='lat' dir='ltr'><strong>quiete</strong></span> <span class='ocrx_word' id='word_1_305' title='bbox 2329 4267 2711 4347; x_wconf 88' lang='lat' dir='ltr'><strong>quiescimus</strong></span> <span class='ocrx_word' id='word_1_306' title='bbox 2768 4279 2831 4328; x_wconf 83' lang='lat' dir='ltr'><strong>et</strong></span> <span class='ocrx_word' id='word_1_307' title='bbox 2890 4269 3259 4330; x_wconf 86' lang='lat' dir='ltr'><strong>turbacione</strong></span> 
     </span>
     <span class='ocr_line' id='line_1_37' title="bbox 805 4372 3257 4452; baseline 0.001 -18"><span class='ocrx_word' id='word_1_308' title='bbox 805 4373 1135 4435; x_wconf 89' lang='lat' dir='ltr'><strong>turbamur</strong></span> <span class='ocrx_word' id='word_1_309' title='bbox 1163 4373 1245 4434; x_wconf 87' lang='lat' dir='ltr'><strong>ad</strong></span> <span class='ocrx_word' id='word_1_310' title='bbox 1274 4392 1532 4452; x_wconf 89' lang='lat' dir='ltr'><strong>presens</strong></span> <span class='ocrx_word' id='word_1_311' title='bbox 1561 4373 1917 4450; x_wconf 85' lang='lat' dir='ltr'><strong>specialiter</strong></span> <span class='ocrx_word' id='word_1_312' title='bbox 1944 4372 2249 4433; x_wconf 88' lang='lat' dir='ltr'><strong>afficimur</strong></span> <span class='ocrx_word' id='word_1_313' title='bbox 2279 4372 2361 4432; x_wconf 88' lang='lat' dir='ltr'><strong>ad</strong></span> <span class='ocrx_word' id='word_1_314' title='bbox 2389 4373 2694 4450; x_wconf 79' lang='lat' dir='ltr'><strong>prefatam</strong></span> <span class='ocrx_word' id='word_1_315' title='bbox 2732 4374 3257 4436; x_wconf 84' lang='lat' dir='ltr'><strong>Herefordensem</strong></span> 
     </span>
     <span class='ocr_line' id='line_1_38' title="bbox 805 4478 3260 4563; baseline 0.001 -21"><span class='ocrx_word' id='word_1_316' title='bbox 805 4482 1159 4543; x_wconf 84' lang='lat' dir='ltr'><strong>Ecclesiam</strong></span> <span class='ocrx_word' id='word_1_317' title='bbox 1189 4481 1440 4541; x_wconf 88' lang='lat' dir='ltr'><strong>racione</strong></span> <span class='ocrx_word' id='word_1_318' title='bbox 1460 4501 1724 4560; x_wconf 91' lang='lat' dir='ltr'><strong>persone</strong></span> <span class='ocrx_word' id='word_1_319' title='bbox 1755 4478 1845 4563; x_wconf 90' lang='lat' dir='ltr'><strong>[p]</strong></span> <span class='ocrx_word' id='word_1_320' title='bbox 1857 4480 2188 4541; x_wconf 88' lang='lat' dir='ltr'><strong>residentis</strong></span> <span class='ocrx_word' id='word_1_321' title='bbox 2210 4481 2431 4552; x_wconf 91' lang='lat' dir='ltr'><strong>eidem,</strong></span> <span class='ocrx_word' id='word_1_322' title='bbox 2458 4501 2647 4560; x_wconf 88' lang='lat' dir='ltr'><strong>quam</strong></span> <span class='ocrx_word' id='word_1_323' title='bbox 2676 4501 2711 4541; x_wconf 89' lang='lat' dir='ltr'><strong>a</strong></span> <span class='ocrx_word' id='word_1_324' title='bbox 2734 4481 2932 4542; x_wconf 86' lang='lat' dir='ltr'><strong>multo</strong></span> <span class='ocrx_word' id='word_1_325' title='bbox 2956 4485 3260 4561; x_wconf 84' lang='lat' dir='ltr'><strong>tempore¹</strong></span> 
     </span>
     <span class='ocr_line' id='line_1_39' title="bbox 805 4585 3257 4668; baseline 0.001 -20"><span class='ocrx_word' id='word_1_326' title='bbox 805 4588 1170 4648; x_wconf 83' lang='lat' dir='ltr'><strong>diversitate</strong></span> <span class='ocrx_word' id='word_1_327' title='bbox 1199 4605 1440 4647; x_wconf 90' lang='lat' dir='ltr'><strong>morum</strong></span> <span class='ocrx_word' id='word_1_328' title='bbox 1473 4593 1536 4646; x_wconf 91' lang='lat' dir='ltr'><strong>et</strong></span> <span class='ocrx_word' id='word_1_329' title='bbox 1579 4585 1883 4646; x_wconf 81' lang='lat' dir='ltr'><strong>virtutum</strong></span> <span class='ocrx_word' id='word_1_330' title='bbox 1927 4585 2517 4647; x_wconf 85' lang='lat' dir='ltr'><strong>commendabilium</strong></span> <span class='ocrx_word' id='word_1_331' title='bbox 2553 4587 2842 4647; x_wconf 91' lang='lat' dir='ltr'><strong>novimus</strong></span> <span class='ocrx_word' id='word_1_332' title='bbox 2869 4588 3257 4668; x_wconf 85' lang='lat' dir='ltr'><strong>insignitam,</strong></span> 
     </span>
     <span class='ocr_line' id='line_1_40' title="bbox 806 4691 3259 4774; baseline 0.001 -21"><span class='ocrx_word' id='word_1_333' title='bbox 806 4711 1120 4774; x_wconf 91' lang='lat' dir='ltr'><strong>quamque</strong></span> <span class='ocrx_word' id='word_1_334' title='bbox 1148 4691 1345 4771; x_wconf 89' lang='lat' dir='ltr'><strong>ipsius</strong></span> <span class='ocrx_word' id='word_1_335' title='bbox 1373 4691 1715 4771; x_wconf 85' lang='lat' dir='ltr'><strong>probitates</strong></span> <span class='ocrx_word' id='word_1_336' title='bbox 1739 4697 1802 4752; x_wconf 89' lang='lat' dir='ltr'><strong>et</strong></span> <span class='ocrx_word' id='word_1_337' title='bbox 1826 4693 2071 4762; x_wconf 86' lang='lat' dir='ltr'><strong>merita,</strong></span> <span class='ocrx_word' id='word_1_338' title='bbox 2097 4711 2224 4752; x_wconf 90' lang='lat' dir='ltr'><strong>non</strong></span> <span class='ocrx_word' id='word_1_339' title='bbox 2245 4692 2445 4752; x_wconf 91' lang='lat' dir='ltr'><strong>solum</strong></span> <span class='ocrx_word' id='word_1_340' title='bbox 2472 4693 2669 4762; x_wconf 84' lang='lat' dir='ltr'><strong>nobie,</strong></span> <span class='ocrx_word' id='word_1_341' title='bbox 2698 4699 2792 4753; x_wconf 90' lang='lat' dir='ltr'><strong>set</strong></span> <span class='ocrx_word' id='word_1_342' title='bbox 2814 4693 3007 4753; x_wconf 88' lang='lat' dir='ltr'><strong>eciam</strong></span> <span class='ocrx_word' id='word_1_343' title='bbox 3034 4697 3259 4757; x_wconf 90' lang='lat' dir='ltr'><strong>ceteris</strong></span> 
     </span>
     <span class='ocr_line' id='line_1_41' title="bbox 807 4796 3259 4876; baseline 0.001 -16"><span class='ocrx_word' id='word_1_344' title='bbox 807 4798 1118 4869; x_wconf 88' lang='lat' dir='ltr'><strong>omnibus,</strong></span> <span class='ocrx_word' id='word_1_345' title='bbox 1172 4797 1578 4858; x_wconf 86' lang='lat' dir='ltr'><strong>reddiderunt</strong></span> <span class='ocrx_word' id='word_1_346' title='bbox 1644 4796 1950 4858; x_wconf 88' lang='lat' dir='ltr'><strong>hactenus</strong></span> <span class='ocrx_word' id='word_1_347' title='bbox 2013 4798 2397 4876; x_wconf 79' lang='lat' dir='ltr'><strong>graciosam3</strong></span> <span class='ocrx_word' id='word_1_348' title='bbox 2470 4804 2743 4859; x_wconf 84' lang='lat' dir='ltr'><strong>vestram</strong></span> <span class='ocrx_word' id='word_1_349' title='bbox 2810 4799 3259 4862; x_wconf 88' lang='lat' dir='ltr'><strong>discrecionem</strong></span> 
     </span>
    </p>
   </div>
   <div class='ocr_carea' id='block_1_6' title="bbox 1794 4934 2289 4982">
    <p class='ocr_par' dir='ltr' id='par_1_6' title="bbox 1794 4934 2289 4982">
     <span class='ocr_line' id='line_1_42' title="bbox 1794 4934 2289 4982; baseline 0 -7"><span class='ocrx_word' id='word_1_350' title='bbox 1794 4934 1922 4976; x_wconf 84' lang='lat' dir='ltr'><strong>l-—In</strong></span> <span class='ocrx_word' id='word_1_351' title='bbox 1950 4935 2051 4976; x_wconf 80' lang='lat' dir='ltr'><strong>MS.</strong></span> <span class='ocrx_word' id='word_1_352' title='bbox 2080 4936 2289 4982; x_wconf 67' lang='lat' dir='ltr'><strong>tempus.</strong></span> 
     </span>
    </p>
   </div>
  </div>
 </body>
</html>
