3619 5868
837 513 920 576 94
1309 604 1313 608 Ι
1500 514 1857 595 Roqictrum
1913 515 2133 576 Thema
2186 515 2261 576 de
2318 515 2651 596 Cantibupo

837 737 1175 810 Prioribus,
1247 739 1616 811 comitibus,
1687 739 2061 810 Batonibus,
2128 739 2169 800 J
2172 739 2525 812 usticiariis,
2584 741 3091 812 vicecomitibus,
3162 761 3305 821 pre-

839 844 1082 924 positis,
1147 844 1470 916 ministris,
1536 851 1602 907 et
1663 845 1954 906 omnibus
2016 845 2276 917 ballivis,
2338 851 2403 906 et
2464 845 2751 908 fidelibus
2812 847 2946 908 suis
3008 847 3303 908 salutem.

839 949 1068 1011 Sciatis
1125 969 1242 1011 nos
1297 951 1532 1011 intuitu
1586 951 1725 1022 Dei,
1789 956 1856 1012 et
1922 970 2036 1030 pro
2104 951 2307 1013 salute
2374 957 2592 1013 nostra.
2658 957 2723 1014 et
2782 973 2900 1032 pro
2966 952 3305 1014 animabus

833 1053 1117 1115 omnium
1164 1060 1630 1116 antecessorum
1687 1061 1752 1117 et
1807 1075 2239 1118 successorum
2293 1061 2671 1129 nostrorum,
2726 1058 2973 1120 dedisse
3031 1063 3097 1120 et
3152 1079 3303 1120 con·

835 1161 1100 1221 cessisse
1155 1167 1220 1220 et
1275 1160 1394 1221 hac
1449 1161 1725 1240 presenti
1781 1167 1955 1222 carta
2008 1167 2225 1223 nostra
2274 1162 2679 1224 confirmasse
2726 1165 2865 1224 Deo
2906 1167 2971 1225 et
3014 1163 3305 1226 Ecclesie

831 1264 1064 1326 Sancte
1105 1265 1307 1326 Maris
1347 1271 1412 1326 et
1459 1266 1673 1328 Sancti
1715 1267 2068 1327 Ethelberti
2120 1267 2585 1340 Herefordensi,
2628 1273 2693 1329 et
2744 1269 2970 1349 Egidio
3010 1271 3303 1349 ejusdem

827 1369 1112 1432 Ecclesie
1147 1369 1462 1451 Episcopo
1497 1376 1562 1432 et
1600 1372 2063 1434 successoribus
2097 1373 2245 1444 suis,
2276 1374 2442 1453 quod
2478 1373 2599 1453 ipsi
2634 1374 2909 1435 habeant
2942 1382 3007 1436 et
3040 1381 3307 1436 teneant

829 1497 1052 1538 omnes
1095 1484 1294 1538 terras
1334 1483 1398 1538 et
1439 1478 1871 1558 possessiones
1920 1498 2067 1540 suas
2114 1483 2179 1540 et
2230 1483 2592 1540 tenements
2640 1499 2755 1542 sua.
2802 1481 2871 1540 in
2919 1485 3299 1560 perpetuum

827 1584 896 1644 in
951 1583 1144 1644 socha.
1197 1589 1262 1646 et
1319 1584 1510 1644 sacha.
1563 1589 1628 1645 et
1677 1584 1813 1645 thol
1861 1589 1926 1644 et
1964 1584 2199 1654 theam,
2242 1589 2307 1644 et
2350 1583 2862 1664 infangenetheof
2900 1591 2966 1646 et
3004 1585 3293 1664 utfange-

827 1689 1126 1761 netheof,¹
1181 1689 1248 1749 in
1317 1689 1505 1751 bosco
1572 1693 1637 1750 et
1705 1689 1772 1748 in
1840 1688 2048 1769 plano,
2118 1689 2183 1748 in
2246 1689 2461 1768 pratis,
2532 1689 2800 1769 pascuis,
2856 1689 2923 1748 in
2992 1690 3177 1769 equis
3230 1695 3301 1750 et

829 1795 1225 1866 molendinis,
1269 1796 1334 1856 in
1383 1795 1636 1856 vivariis
1683 1801 1749 1856 et
1797 1795 2100 1874 piscariis,
2142 1794 2209 1855 in
2258 1795 2376 1856 viis
2423 1801 2489 1856 et
2538 1795 2799 1866 semitis,
2842 1801 2907 1856 et
2956 1795 3126 1868 quod
3176 1795 3298 1875 ipsi

827 1901 1117 1962 homines
1172 1901 1270 1962 sui
1325 1901 1403 1962 de
1461 1900 1758 1980 predictis
1815 1901 2193 1962 tenementis
2242 1901 2370 1962 sint
2410 1901 2587 1962 liberi
2630 1907 2695 1962 et
2736 1901 2931 1980 quieti
2975 1901 3053 1962 de
3095 1901 3297 1981 geldis

828 2013 894 2068 et
950 2006 1324 2086 denegeldis,
1387 2006 1465 2068 de
1523 2005 1788 2086 hidagiis
1844 2011 1909 2067 et
1964 2006 2323 2086 carucagiis,
2382 2007 2668 2086 tollagiis,
2726 2013 2791 2067 et
2852 2007 2929 2068 de
2986 2006 3178 2068 shiris
3232 2012 3299 2067 et

829 2113 1172 2174 hundredis
1227 2117 1292 2173 et
1347 2113 1424 2173 de
1480 2112 1687 2183 sectis,
1745 2112 1908 2172 infra.
1962 2113 2229 2192 burgum
2282 2119 2347 2174 et
2402 2119 2594 2184 extra,
2638 2119 2703 2174 et
2756 2114 2835 2174 de
2884 2113 3301 2184 stretwnrdae

827 2224 894 2281 et
936 2219 1012 2280 de
1054 2218 1344 2280 omnibus
1384 2218 1633 2298 placitis
1677 2225 1740 2280 et
1781 2219 2051 2299 querelis
2084 2239 2207 2299 que
2240 2219 2320 2279 ad
2354 2219 2743 2281 Comitatum
2776 2225 2841 2280 et
2874 2220 3295 2280 Hundredum

827 2325 1165 2405 pertinent,
1209 2325 1398 2386 salvis
1441 2324 1564 2386 hiis
1605 2344 1727 2405 que
1769 2325 1850 2384 ad
1890 2325 2125 2404 regiam
2180 2343 2473 2385 coronam
2528 2325 2864 2405 pertinent.
2966 2325 3289 2387 Concessi-

827 2453 971 2493 mus
1025 2430 1224 2492 eciem
1279 2431 1339 2492 ei
1391 2436 1456 2491 et
1518 2431 1983 2492 successoribus
2038 2431 2170 2492 suis
2212 2431 2379 2512 quod
2419 2431 2541 2510 ipsi
2582 2435 2648 2492 et
2688 2431 2976 2514 homines
3020 2431 3121 2492 sui
3164 2431 3289 2491 sint

827 2537 1024 2617 quieti
1093 2541 1158 2597 et
1225 2536 1402 2598 liberi
1471 2535 1552 2596 ab
1619 2536 1792 2596 omni
1862 2536 2131 2616 caringio
2192 2543 2257 2598 et
2317 2537 2633 2617 pontagiO,
2689 2537 2995 2617 passa-gio,
3054 2537 3291 2617 pesgiO,

828 2642 1156 2722 stallagio,⁸
1211 2647 1276 2703 et
1347 2641 1587 2702 tolneto
1642 2662 1754 2722 per
1809 2642 2023 2703 omnia.
2079 2642 2392 2704 dominica.
2446 2648 2663 2704 nostra
2716 2648 2975 2723 excepta.
3038 2642 3294 2704 civitate

831 2747 1317 2808 Londoniarum.
1403 2747 1492 2808 Et
1518 2748 1686 2828 quod
1713 2749 1834 2827 ipsi
1864 2749 1993 2810 sint
2020 2749 2215 2828 quieti
2249 2749 2327 2810 de
2368 2748 2887 2820 hundredesfeha,
2918 2749 3291 2822 wardefehs,

831 2859 897 2914 et
941 2853 1416 2934 thethingpeny,
1447 2859 1511 2914 et
1551 2852 1817 2924 fisfeha,⁴
1849 2859 1914 2914 et
1956 2854 2169 2915 franco
2211 2855 2433 2934 plegiO‚
2462 2860 2528 2916 et
2567 2854 2643 2915 de
2671 2855 3041 2934 operacione
3068 2855 3289 2916 castel-

831 2962 1036 3022 lorum
1077 2966 1142 3022 et
1183 2960 1528 3022 refeccione
1575 2960 1873 3041 poncium
1921 2966 1985 3021 et
2034 2960 2322 3022 clausura.
2368 2980 2717 3041 parcorum,
2760 2966 2825 3021 et
2873 2960 2949 3021 de
2998 2962 3291 3023 omnibus

831 3066 1159 3129 servilibus
1201 3066 1674 3146 operacionibus
1717 3073 1780 3127 et
1822 3066 2275 3128 exaccionibus.
2358 3066 2564 3141 Quare
2592 3066 2881 3127 volumus
2922 3072 2987 3127 et
3028 3066 3292 3129 firmiter

829 3172 1212 3253 precipimus
1268 3172 1434 3253 quod
1497 3172 1815 3251 predictus
1872 3172 2224 3252 Episcopus
2278 3177 2344 3233 et
2400 3192 2791 3234 successores
2854 3172 2951 3233 sui
3014 3170 3289 3233 habeant

831 3283 896 3340 et
951 3282 1210 3339 teneant
1266 3298 1484 3339 omnes
1545 3278 1859 3357 predictas
1921 3277 2240 3339 libertates
2288 3277 2447 3339 bene
2492 3284 2559 3339 et
2606 3278 2673 3339 in
2720 3298 2893 3358 pace,
2936 3278 3183 3359 integre
3228 3285 3291 3341 et

829 3386 1189 3456 honorifice,
1219 3384 1286 3445 in
1328 3384 1618 3446 omnibus
1660 3385 1815 3447 locis
1856 3391 1919 3447 en
1960 3368 2147 3447 rohais
2188 3386 2351 3447 siout
2391 3386 2744 3465 predictum
2772 3392 2901 3456 esu
2946 3385 3073 3447 hiis
3116 3387 3285 3447 testi-

827 3491 963 3562 bus,
1007 3490 1108 3552 W.
1154 3490 1543 3563 Msrescal10,
1587 3490 1835 3553 Gemite
1877 3490 1954 3551 de
1995 3490 2423 3561 Pembrochia,
2454 3490 2574 3561 W.,
2622 3488 2867 3551 Gemite
2910 3488 3285 3561 Arundellie,

831 3598 953 3669 W.,
985 3598 1232 3659 Comite
1275 3598 1651 3669 Ssresbirie;
1694 3599 1816 3669 W.,
1848 3597 2093 3659 Gemite
2134 3597 2211 3657 de
2252 3594 2519 3675 Dereby,
2556 3594 2871 3655 Willelmo
2911 3595 2990 3655 de
3032 3596 3283 3667 Breoee,

831 3703 1068 3765 Gar-ino
1109 3703 1240 3763 filio
1283 3703 1554 3775 Geroldi‚
1599 3703 1881 3764 Galfrido
1936 3704 2013 3763 de
2071 3702 2213 3781 Say,
2257 3701 2574 3762 Willelmo
2616 3700 2693 3761 de
2742 3699 3002 3779 Albeny,
3047 3702 3287 3763 Thomu.

827 3813 892 3869 et
923 3806 1120 3869 Alano
1163 3808 1409 3869 Besset.
1493 3808 1732 3868 Datum
1773 3827 1887 3887 per
1927 3826 2185 3867 manum
2226 3806 2284 3867 J.
2315 3806 2393 3867 de
2426 3806 2819 3877 Brsncestre,
2850 3804 3283 3868 Archidieconi

831 3912 1325 3992 Wygorniensis‚
1370 3912 1535 3992 apud
1579 3912 2063 3991 Rothomagum,
2113 3912 2219 3971 xxi
2264 3911 2364 3972 die
2410 3910 2605 3982 Junii,
2648 3931 2815 3971 anno
2862 3913 3037 3991 regni
3088 3914 3281 3973 nostri

829 4018 1070 4098 quinto.

952 4154 1174 4195 l-These
1203 4156 1480 4201 customary
1497 4156 1649 4195 terms
1665 4151 1921 4200 exnressed
1948 4152 2031 4193 the
2057 4150 2145 4193 tull
2168 4150 2467 4199 iurisdiction
2493 4149 2544 4192 of
2568 4152 2651 4191 the
2676 4150 2777 4192 lond
2802 4148 2853 4191 ct
2876 4150 2960 4191 the
2986 4162 3159 4193 maner
3182 4163 3286 4193 over

825 4216 902 4257 his
928 4219 1126 4259 tennnts
1151 4217 1367 4258 whether
1391 4215 1490 4257 free
1514 4227 1568 4257 οι·
1595 4214 1775 4257 unffi-ee.
1795 4226 1853 4257 as
1879 4216 1983 4255 also
2010 4226 2123 4256 over
2152 4214 2337 4255 thieves
2362 4213 2507 4255 taken
2532 4212 2701 4255 within
2726 4214 2809 4254 the
2833 4212 3061 4259 liber-ties.
3080 4214 3287 4256 whether

825 4280 908 4320 the
933 4276 1141 4320 offences
1167 4290 1290 4320 were
1317 4276 1592 4319 committed
1617 4276 1784 4319 within
1812 4288 1867 4318 οι·
1890 4277 2110 4318 without.

948 4353 1358 4398 2-Stretwarda,
1386 4365 1415 4396 e
1441 4357 1527 4396 tax
1554 4352 1628 4394 for
1653 4354 1736 4395 the
1763 4352 2095 4394 maintenance
2120 4349 2171 4392 of
2195 4352 2279 4393 the
2306 4350 2470 4397 Kina's
2496 4350 2730 4397 hiahway.

947 4429 1225 4471 S—Verious
1257 4427 1407 4470 forme
1437 4427 1486 4469 ot
1511 4427 1624 4470 tolle
1655 4426 1750 4469 and
1776 4427 1896 4469 local
1924 4426 2127 4475 imposte
2152 4438 2237 4467 are
2266 4427 2377 4467 here
2407 4422 2641 4473 snecifled.
2670 4436 2725 4466 as
2758 4424 2863 4466 also
2891 4423 3011 4465 dues
3036 4422 3283 4466 connected

823 4491 942 4533 with
969 4491 1052 4533 the
1079 4490 1306 4537 hundred.
1334 4490 1416 4532 the
1441 4490 1633 4536 tithing.
1662 4490 1755 4532 and
1781 4490 1941 4531 watch
1969 4487 2064 4530 and
2086 4488 2236 4529 ward.

949 4565 1263 4612 4—Fisleha:
1291 4566 1391 4607 this
1417 4576 1574 4607 seems
1600 4568 1653 4607 to
1677 4564 1734 4606 be
1755 4565 1839 4606 the
1856 4562 1971 4611 fisse
1992 4563 2041 4605 ot
2064 4564 2149 4605 the
2169 4562 2353 4609 Reti-st.
2373 4560 2533 4603 Pn‘or.
2556 4560 2789 4607 wigorn..
2810 4560 2927 4607 wsb.
2946 4560 3023 4603 for
3038 4562 3191 4603 which
3208 4562 3284 4603 the

823 4632 993 4674 Editor
1017 4636 1186 4680 quotes
1213 4633 1304 4673 Est
1331 4630 1532 4681 quidem
1557 4630 1865 4673 consuetudo
1890 4630 1949 4671 in
1980 4628 2113 4671 villa
2138 4629 2199 4671 de
2230 4628 2428 4675 wylegh
2464 4626 2553 4669 ubi
2578 4626 2827 4669 villarum
2860 4629 3081 4669 tenentes
3114 4627 3279 4669 debent

823 4692 1014 4737 solvere
1045 4693 1257 4744 quilibet
1281 4696 1374 4741 pro
1407 4696 1676 4735 tenemento
1703 4706 1796 4735 suo
1827 4691 2191 4739 nerine-silva
2222 4690 2447 4737 (Abbrev.
2477 4688 2679 4737 placit..
2710 4690 2843 4733 Bdw.
2872 4691 2927 4732 1..
2956 4702 3000 4738 ρ.
3026 4688 3132 4735 282).
