3619 5868
785 459 863 519 66
1211 530 1215 535 ,
1429 458 1785 536 Reqistrum
1843 458 2061 518 Thome
2115 458 2188 517 dc
2261 456 2591 536 Cantilupo

781 682 978 743 bonos
1024 685 1508 743 summonitores
1551 683 1901 762 predictum
1946 682 2255 743 Thomam
2284 682 2453 761 quod
2499 684 2581 742 sit
2610 700 2821 741 coram
2860 681 2900 741 J
2907 679 3249 741 usticiatiis

781 788 946 866 apud
988 788 1639 859 westmonasterium,
1685 808 1724 849 a
1761 788 1863 848 die
1906 788 2117 849 Sancti
2159 787 2409 847 Hillarii
2448 788 2515 846 in
2553 806 2634 847 xv
2670 787 2826 857 dies,
2870 796 3251 846 ostensurus

781 912 974 973 quare
1007 912 1130 953 non
1164 894 1396 953 fecerit.
1462 894 1550 953 Et
1579 892 1813 954 habeas
1841 894 1926 953 ibi
1949 893 2510 953 summonicionem
2542 898 2605 951 et
2635 890 2755 951 hoc
2783 890 2987 952 breve.
3050 891 3251 950 'Peste

779 1018 882 1060 me
912 998 1047 1077 ipso
1083 1000 1250 1078 apud
1283 999 1934 1072 westmonasterium,
1966 999 2031 1078 iij
2063 1000 2164 1059 die
2208 998 2603 1069 Novembris,
2637 1015 2805 1058 anno
2843 997 3013 1075 regni
3040 994 3251 1056 nostri

780 1108 990 1167 terci0.
1092 1107 1252 1167 Sunt
1295 1107 1595 1167 attornati
1637 1108 1702 1166 in
1743 1106 1912 1167 dicto
1954 1106 2189 1186 placito
2229 1126 2439 1167 coram
2482 1104 2781 1183 magistro
2815 1104 3127 1181 R[ogero]
3168 1101 3249 1161 de

780 1214 1054 1292 Seytone
1082 1212 1121 1273 J
1124 1212 1407 1273 ohannes
1435 1212 1513 1274 de
1544 1212 1890 1274 Saresbiria
1918 1213 2016 1274 vel
2047 1212 2247 1273 Adam
2276 1213 2355 1273 de
2388 1209 2861 1289 Sinningfeude.

781 1493 1040 1554 Thomas
1095 1494 1169 1554 de
1229 1494 1556 1555 Chaworth
1605 1494 1813 1574 failed
1870 1502 1927 1555 ιο
1985 1514 2214 1573 appear
2278 1494 2349 1554 in
2414 1494 2602 1555 Gourt
2626 1514 2649 1563 ;
2723 1492 2821 1552 the
2882 1490 3119 1569 Sheriff
3194 1489 3253 1550 is

1023 1574 1289 1635 directed
1333 1583 1390 1635 ιο
1433 1576 1609 1653 brinq
1655 1575 1784 1635 him
1824 1577 1985 1656 after
2025 1576 2268 1635 Easte‘r.

942 1750 1705 1829 DERBmA.—Episcopns
1755 1749 2236 1810 Herefordensis
2278 1748 2507 1827 optulit
2550 1766 2619 1809 se
2660 1766 2879 1809 versus
2928 1746 3246 1806 Thomam

779 1856 858 1916 de
907 1856 1300 1927 Chawrthes‚
1351 1857 1518 1936 quod
1573 1856 1796 1918 reddat
1853 1856 1909 1917 ei
1970 1856 2345 1935 Margeriam
2406 1863 2470 1916 et
2528 1854 2899 1925 Dionisiam,
2958 1851 3125 1912 filias
3181 1860 3249 1911 et

780 1959 1041 2022 heredes
1070 1962 1323 2022 Ranulfi
1358 1962 1416 2021 le
1453 1962 1632 2033 Poer,
1664 1981 1929 2043 quarum
1973 1962 2259 2023 custodia
2300 1961 2383 2022 ad
2410 1962 2617 2040 ipsum
2647 1958 2939 2038 pertinet,
2970 1978 3045 2019 eo
3075 1957 3250 2038 quod

781 2066 947 2127 idem
997 2068 1274 2127 Thomas
1323 2074 1555 2128 terram
1603 2086 1786 2129 suam
1834 2068 2107 2129 tenuerit
2149 2068 2226 2129 de
2267 2068 2307 2128 J
2311 2068 2581 2140 ohanne,
2624 2066 3065 2145 predecessore
3107 2083 3251 2143 pre-

779 2173 932 2233 dicti
974 2173 1291 2252 Episcopi,
1337 2193 1448 2252 per
1495 2174 1825 2234 servicium
1868 2173 2157 2246 militare,
2210 2180 2330 2235 etc.
2441 2174 2527 2233 Et
2572 2172 2707 2251 ipse
2756 2191 2883 2231 non
2932 2172 3124 2242 venit,
3176 2176 3247 2231 et

783 2279 1224 2350 summonitus,
1278 2285 1396 2340 etc.
1511 2278 1663 2339 Ideo
1716 2286 2081 2359 preceptum
2135 2286 2231 2340 est
2286 2277 2653 2341 Vicecomiti
2701 2276 2871 2357 quod
2925 2277 3241 2337 attachiet

779 2404 924 2445 eum
989 2385 1156 2465 quod
1220 2386 1303 2446 sit
1373 2404 1585 2446 coram
1652 2386 2032 2447 Justiciariis
2102 2386 2269 2464 apud
2325 2384 2981 2454 westmonasterium,
3040 2402 3081 2443 a
3143 2383 3251 2443 die

780 2491 1025 2551 Pasche
1067 2490 1133 2549 in
1177 2511 1259 2552 xv
1300 2491 1453 2552 dies.
1575 2491 1890 2551 Placitum
1939 2510 2150 2552 coram
2198 2492 2236 2552 J
2240 2491 2574 2551 usticiariis
2624 2490 2789 2569 apud
2842 2488 3241 2549 westmona-

782 2599 1063 2667 sterium,
1123 2616 1158 2657 a
1215 2597 1314 2657 die
1372 2596 1614 2657 Pasche
1669 2597 1734 2657 in
1790 2618 1870 2658 xv
1923 2597 2076 2658 dies.

783 2879 1052 2941 Farther
1092 2880 1518 2958 adjournment
1560 2880 1630 2959 of
1666 2878 1763 2939 the
1807 2878 1971 2940 Suit.

944 3052 1248 3111 Densum
1317 3051 1984 3113 EssomA.—Thomas
2052 3051 2129 3110 de
2200 3049 2574 3111 Ghawrthes
2630 3068 2850 3110 versus
2906 3050 3241 3122 Thomam,

782 3157 1168 3235 Episcopum
1219 3156 1767 3228 Herefordensem,
1820 3155 1897 3216 de
1952 3156 2185 3234 placito
2242 3155 2523 3216 custodie
2579 3155 2645 3214 in
2704 3155 2963 3216 Octabis
3024 3156 3246 3216 Sancti

781 3263 1096 3323 Johannis
1141 3262 1427 3341 Baptiste
1472 3262 1808 3340 assignato,

787 3543 936 3620 May
1007 3546 1103 3612 27,
1162 3542 1632 3602 1278.—Terms
1689 3542 1758 3620 os
1820 3549 2151 3618 aqi-cernent
2219 3561 2288 3601 as
2360 3548 2417 3600 ιο
2490 3540 2587 3600 the
2654 3541 2988 3620 wardship.
3121 3541 3247 3603 The

1028 3623 1356 3700 defendant
1391 3621 1733 3699 recoynised
1777 3623 1874 3682 the
1902 3622 2187 3700 Bishop’s
2216 3622 2403 3682 claim
2445 3629 2502 3681 ιο
2548 3621 2643 3681 the
2684 3621 2884 3680 wards
2927 3623 3053 3682 and
3098 3623 3250 3682 land

1029 3704 1100 3762 in
1139 3703 1433 3782 question,
1477 3703 1602 3763 and
1635 3703 1795 3782 paid
1841 3710 1939 3763 ten
1970 3703 2212 3782 poands
2258 3710 2315 3762 ιο
2360 3702 2488 3762 him
2526 3722 2606 3762 on
2648 3702 2808 3762 June
2849 3703 2991 3775 2nd,
3034 3708 3213 3763 1279.

947 3858 1216 3918 FmAms
1271 3857 1895 3919 Conconn1A.—Hec
1950 3861 2045 3916 est
2094 3855 2299 3917 finalis
2345 3856 2676 3917 concordia
2729 3854 2899 3916 facta
2945 3857 3010 3916 in
3056 3858 3244 3918 Curia

787 3965 1044 4027 Domini
1067 3964 1254 4043 Regis
1283 3965 1450 4043 apud
1472 3963 2124 4034 westmonasterium,
2150 3963 2214 4022 in
2244 3963 2514 4023 crastino
2539 3963 2939 4024 Ascensionis
2966 3964 3240 4034 Domini,

785 4093 952 4134 anno
994 4073 1166 4151 regni
1210 4073 1398 4150 Regis
1434 4069 1730 4130 Edwardi
1759 4077 1961 4141 sexte,
1994 4089 2205 4130 coram
2234 4070 2534 4148 magistro
2564 4070 2804 4148 Bogero
2834 4069 2913 4128 de
2945 4070 3235 4148 Seytone,

787 4178 1084 4258 magistro
1141 4177 1412 4238 Radulfo
1471 4177 1548 4236 de
1603 4175 2048 4256 Freningham,
2108 4176 2352 4236 Thema
2409 4175 2741 4248 wenlond,
2796 4175 3094 4236 Johanne
3164 4176 3239 4236 de

786 4286 1073 4354 Lovetot,
1127 4294 1190 4344 et
1247 4283 1488 4362 Rogero
1544 4283 1621 4344 de
1681 4283 1932 4360 Leyter,
1984 4283 2022 4343 J
2028 4282 2383 4354 usticiariis,
2428 4287 2491 4343 et
2549 4282 2687 4342 aliis
2743 4282 3001 4342 Domini
3052 4282 3235 4362 Regis

783 4389 1071 4450 fidelibus
1141 4394 1292 4448 tunc
1360 4386 1446 4447 ibi
1507 4387 1923 4466 presentibus,
1990 4387 2153 4447 inter
2208 4387 2537 4458 Thomam,
2596 4386 2984 4465 Episcopum
3042 4388 3235 4448 Here·

783 4495 1157 4564 ferdensem,
1189 4499 1573 4573 querentem,
1605 4503 1669 4553 et
1700 4493 2006 4553 Thomam
2044 4493 2121 4552 de
2151 4492 2581 4566 Chaworthes,
2612 4493 3107 4568 deforciantem,¹
3134 4515 3240 4575 per

783 4601 1142 4662 Johannem
1169 4599 1248 4660 de
1277 4599 1482 4678 Leyes
1521 4599 1797 4677 positum
1842 4599 1977 4659 loco
2020 4617 2134 4658 suo
2178 4598 2256 4658 ad
2298 4597 2671 4659 lucrandum
2714 4599 2813 4660 vel
2853 4600 3235 4678 perdendum

783 4707 862 4767 de
907 4705 1192 4767 custodia
1241 4704 1552 4784 Margerie
1601 4709 1666 4764 et
1715 4705 2038 4784 Dyonisie,
2082 4705 2354 4765 filiatum
2412 4711 2474 4765 et
2529 4705 2831 4766 heredum
2881 4707 3132 4768 Ranulfi
3178 4709 3235 4768 le

781 4893 790 4902 ¹
854 4903 883 4940 q
919 4839 1387 4933 ggiilggfomiantem.
1406 4841 1489 4882 the
1514 4839 1787 4888 defendant.
1818 4853 1873 4882 as
1902 4835 2185 4888 “detaining
2214 4840 2273 4889 by
2298 4839 2470 4882 ἔοι-σε’·
2498 4838 2622 4882 from
2648 4842 2730 4882 the
2756 4841 2965 4888 plaintiff
2982 4845 3065 4885 the
3090 4843 3243 4886 wax-ds

779 4905 828 4934 in
887 4905 918 4934 u
1077 4921 1088 4932 .
