3619 5868
485 3152 582 3194 1²01.
614 3153 705 3194 leb.

805 532 883 588 44
1451 530 1637 609 Reqis
1645 538 1806 591 trum
1866 530 2085 592 Thome
2138 531 2213 593 dc
2284 531 2615 611 Cantilupo

781 698 957 815 'Now
1009 758 1106 827 14,
1157 756 1769 817 1275.—Ordinance
1818 758 1890 837 of
1938 756 2035 817 the
2084 756 2319 837 Bishop
2366 756 2701 836 respectinq
2752 756 2847 817 the
2894 756 3267 817 endowment

1034 838 1204 915 from
1259 836 1440 897 tithes
1496 838 1622 897 and
1680 838 1876 908 lande,
1937 838 2199 915 toqcther
2250 837 2404 897 with
2461 837 2556 897 the
2612 838 2911 897 oblatione
2976 838 3103 897 and
3168 838 3267 899 the

1045 918 1360 977 Rectorial
1399 938 1622 988 muse,
1665 920 1736 997 of
1775 917 1873 979 the
1922 918 2213 995 Vicaraqe
2253 920 2323 997 of
2358 919 2678 995 Aymestry
2724 918 2927 979 which
2970 919 3081 978 has
3126 918 3269 979 been

1045 998 1478 1077 appropriated
1521 1006 1579 1059 to
1623 998 1720 1059 the
1761 1000 1964 1076 Abbey
2005 1000 2076 1079 of
2131 999 2447 1077 Wiqmore.
2562 998 2685 1059 The
2726 1000 2945 1078 supply
2980 1000 3051 1079 of
3088 999 3267 1059 books

1044 1078 1170 1138 and
1215 1078 1311 1139 the
1351 1079 1588 1159 repaire
1630 1081 1700 1159 of
1749 1080 1847 1140 the
1893 1080 2158 1141 Chanoel
2196 1100 2301 1140 are
2344 1087 2402 1140 to
2442 1086 2564 1141 rest
2604 1080 2758 1139 with
2800 1078 2896 1140 tlae
2937 1080 3161 1157 Abbey.

961 1209 1256 1282 Thomas,
1288 1218 1408 1272 etc.
1494 1210 1846 1271 Ecclesiam
1876 1210 1953 1271 de
1985 1210 2510 1290 Aylmondestria,
2536 1216 2750 1271 nostre
2778 1210 3269 1272 Herefordensis

797 1316 1084 1387 diocesis,
1113 1318 1418 1396 religiosis
1438 1317 1588 1377 viris
1611 1317 1839 1379 Abbati
1859 1324 1925 1378 et
1948 1317 2298 1379 Conventui
2320 1316 2398 1377 de
2420 1303 2758 1396 Wigmore,
2782 1316 2947 1376 dicte
2968 1316 3261 1387 diocesis,

797 1427 861 1483 et
888 1422 1020 1483 suis
1049 1422 1532 1494 successoribus,
1565 1443 1641 1483 ex
1671 1422 1861 1484 certis
1888 1430 1952 1483 et
1982 1422 2275 1501 legitimis
2308 1422 2514 1483 causis
2556 1423 2856 1483 canonice
2900 1422 3265 1501 appropria-

797 1527 1002 1589 vimus
1025 1529 1090 1589 in
1111 1548 1264 1589 usus
1285 1530 1568 1609 proprios
1589 1528 1819 1589 futuris
1842 1530 2229 1607 temporibus
2250 1528 2695 1607 possidendam
2718 1547 2733 1599 ;
2779 1536 2843 1588 et
2860 1530 3263 1588 taxacionem

796 1635 1026 1695 vicarie
1081 1634 1362 1713 ejusdem
1419 1635 1679 1696 ecclesie
1734 1635 1814 1695 de
1868 1634 2375 1713 Aylmondestria
2430 1635 2906 1706 reservavimus,
2956 1642 3146 1713 prout
3194 1636 3263 1695 in

798 1740 1022 1802 litteris
1071 1741 1192 1801 hiis
1242 1740 1562 1801 evidenter
1611 1745 1910 1820 apparet;
1954 1760 2072 1801 nos
2112 1740 2397 1820 pensatis
2438 1749 2503 1801 et
2546 1739 2959 1801 consideratis
3000 1741 3265 1801 ecclesie

795 1845 1103 1908 fructibus
1143 1854 1209 1906 et
1252 1845 1738 1907 obvencionibus
1781 1864 2023 1906 necnon
2068 1845 2361 1905 oneribus
2402 1844 2483 1905 ad
2512 1844 2779 1905 candem
2822 1846 3263 1923 spectantibus

793 1952 1091 2014 vicariam
1131 1950 1398 2012 eandem
1446 1950 1630 2011 modo
1677 1949 2033 2030 subscripto
2076 1950 2371 2010 duximus
2413 1949 2845 2009 ordinandam.
2934 1949 3010 2008 In
3042 1950 3263 2027 primis

795 2058 1160 2119 ordinamus
1186 2056 1354 2137 quod
1384 2056 1652 2117 vicarius
1682 2056 1787 2136 qui
1818 2075 1931 2134 pro
1974 2064 2255 2134 tempore
2294 2056 2483 2116 fuerit
2525 2055 2591 2115 in
2632 2056 2853 2117 eadem
2884 2056 3152 2116 ecclesie.
3182 2056 3263 2118 de

795 2162 1303 2243 Aylmondestria
1359 2162 1693 2223 institutus
1748 2181 1861 2242 per
1916 2181 2030 2223 nos
2085 2167 2149 2223 et
2210 2180 2602 2222 successores
2658 2172 2909 2222 nostros
2978 2162 3057 2222 ad
3118 2182 3258 2241 pre·

795 2269 1225 2331 sentacionem
1282 2269 1546 2329 Abbatis
1614 2273 1678 2328 et
1748 2266 2110 2329 Conventus
2179 2267 2257 2328 de
2314 2266 2631 2346 Wigmore
2700 2276 2765 2329 et
2824 2287 3259 2329 successorum

795 2393 1071 2445 suorum,
1103 2374 1168 2433 in
1195 2374 1459 2435 ecclesia
1485 2373 1770 2452 predicta
1789 2372 2200 2451 personaliter
2219 2371 2413 2433 faciat
2434 2373 2797 2433 continuam
2822 2373 3255 2445 residenciam,

794 2490 858 2541 et
900 2480 1066 2560 quod
1108 2480 1274 2541 idem
1304 2478 1573 2539 vicarius
1615 2487 1679 2539 et
1708 2497 2101 2540 successores
2130 2478 2227 2539 sui
2256 2478 2533 2539 habeant
2562 2478 2781 2539 domos
2808 2480 3069 2540 ecclesie
3097 2499 3257 2559 quas

794 2586 1081 2647 solebant
1131 2585 1361 2647 habere
1416 2591 1688 2646 rectores
1735 2584 1969 2645 ibidem
2016 2603 2130 2664 pro
2178 2602 2400 2645 manso
2442 2603 2577 2645 su0.
2683 2584 2849 2646 Item
2890 2586 3255 2647 ordinamus

793 2692 959 2773 quod
982 2692 1251 2753 vicarius
1272 2696 1336 2752 et
1359 2710 1751 2753 successores
1773 2691 1872 2752 sui
1894 2691 2167 2752 habeant
2188 2696 2460 2769 pratum,
2486 2710 2628 2751 cum
2650 2692 2923 2772 quadam
2942 2692 3255 2769 particula

792 2798 1056 2877 gardini,
1085 2798 1270 2857 dictis
1300 2796 1589 2858 domibus
1619 2778 1973 2869 annexum;
2018 2806 2083 2859 et
2112 2809 2364 2877 pratum
2408 2796 2655 2857 diaconi
2698 2796 2827 2857 sive
2869 2792 3254 2875 campanarii

793 2923 909 2966 suo
963 2911 1145 2985 prato
1201 2923 1517 2966 annexum
1574 2923 1718 2965 cum
1767 2904 1958 2966 certis
2006 2904 2189 2966 terris
2240 2903 2581 2965 arabilibus
2624 2923 2825 2983 nuper
2850 2904 2917 2964 in
2960 2904 3255 2965 manibus

792 3011 1038 3074 diaconi
1067 3012 1196 3073 sive
1225 3011 1632 3091 campanarii,
1663 3011 1832 3092 quod
1859 3019 2112 3090 pratum
2140 3017 2205 3072 et
2233 3022 2398 3072 terre
2426 3010 2679 3072 fuerunt
2706 3022 2961 3090 pratum
2990 3020 3054 3071 et
3084 3021 3251 3071 terre

790 3119 1034 3180 diaconi
1064 3119 1196 3179 sive
1225 3119 1631 3197 campanarii.
1719 3118 1884 3180 Item
1926 3124 2070 3179 octo
2108 3119 2393 3179 modulos
2421 3118 2611 3179 tritici
2640 3119 2779 3197 puri
2809 3123 2871 3179 et
2900 3117 3253 3178 octodecim

789 3225 1077 3287 modulos
1106 3245 1450 3287 avenarum
1493 3226 1887 3304 recipiendos
1936 3226 2198 3304 singulis
2250 3226 2434 3286 annis
2483 3225 2562 3285 de
2605 3224 2864 3285 decimis
2907 3224 3253 3304 majoribus

785 3330 958 3392 bladi
988 3331 1066 3390 de
1111 3329 1385 3391 Leintall
1414 3330 1712 3391 Comites¹
1734 3329 2075 3391 dummodo
2102 3329 2374 3392 vicarius
2400 3329 2609 3389 dictus
2638 3334 2700 3389 et
2730 3348 3121 3390 successores
3150 3328 3251 3390 sui

786 3437 1141 3498 invenerint
1189 3437 1664 3515 campanarium
1719 3437 1784 3496 in
1834 3436 2006 3496 dicta
2062 3435 2366 3507 ecclesia;
2432 3435 2587 3495 item
2641 3435 2921 3496 decimas
2978 3435 3254 3513 majores

785 3561 1004 3603 omnes
1055 3541 1225 3602 bladi
1273 3542 1405 3602 sive
1452 3540 1771 3610 frumenti,
1803 3541 2235 3621 cujuscunque
2284 3541 2527 3620 generis
2579 3541 2727 3611 sint,
2777 3541 2843 3600 in
2892 3541 3155 3618 Shorley
3182 3547 3252 3600 et

785 3647 1215 3709 Woodarton:
1260 3647 1415 3707 item
1445 3645 1722 3708 decimas
1765 3647 1844 3707 de
1885 3646 2229 3725 majoribus
2272 3645 2479 3724 garbis
2522 3647 2953 3726 cujuscunque
3000 3646 3249 3724 generis

785 3755 953 3816 bladi
995 3755 1060 3814 in
1103 3752 1410 3814 clausuris
1451 3753 1727 3832 pasturis
1769 3751 2159 3832 separalibus
2202 3771 2275 3813 ac
2306 3751 2620 3813 veteribus
2652 3753 2852 3830 pratis
2882 3753 3243 3821 crescentis,

782 3867 846 3922 et
895 3859 1205 3939 burgagiis
1255 3866 1467 3921 aratro
1515 3859 1702 3920 cultis
1761 3859 1964 3920 tocius
2012 3859 2308 3937 parochie
2356 3858 2434 3918 de
2484 3858 3029 3938 Aylmondestria:
3095 3860 3247 3918 item

782 3967 1004 4038 linum,
1061 3965 1294 4038 fabam,
1351 3966 1588 4037 lanam,
1646 3984 1860 4044 agnos,
1920 3965 2171 4036 vitulos,
2231 3965 2348 4036 lac,
2412 3965 2554 4037 mel,
2612 3983 2842 4037 ceram,
2900 3965 3245 4038 columbas,

784 4071 1095 4152 porcillos,
1141 4089 1352 4142 aucas,
1396 4071 1623 4150 pullos,
1667 4070 2044 4144 oblaciones,
2090 4071 2454 4142 mortuaria,
2498 4069 2788 4131 denarios
2830 4070 3139 4142 missales,
3182 4077 3248 4132 et

785 4177 942 4239 alias
971 4178 1244 4238 minores
1272 4176 1568 4248 decimas,
1599 4195 1720 4258 que
1750 4177 1832 4236 ad
1875 4177 2247 4256 alteragium
2278 4177 2690 4236 dinoscuntur
2718 4184 3005 4254 spectare
3032 4197 3045 4236 :
3092 4177 3243 4237 item

782 4283 1093 4344 decimam
1121 4281 1249 4342 feni
1277 4297 1341 4342 et
1369 4301 1698 4362 pomorum
1728 4290 1792 4341 et
1824 4281 2087 4342 aliorum
2116 4283 2433 4343 fructuum
2476 4281 2676 4342 tocius
2703 4281 3001 4360 parochie
3027 4301 3039 4341 :
3089 4283 3239 4342 item
3316 4311 3323 4314 ·

782 4409 1042 4452 ovorum
1085 4389 1588 4469 proveniencium
1635 4388 1701 4448 in
1748 4389 1952 4449 Pasca
1994 4388 2336 4450 decimam:
2381 4388 2534 4449 item
2591 4387 2899 4448 decimam
2942 4388 3243 4448 silvarum

780 4496 1121 4557 ceduarum
1177 4496 1378 4556 tocius
1431 4495 1767 4574 parochie:
1834 4495 1988 4556 item
2032 4495 2341 4555 decimam
2391 4493 2893 4555 molendinorum
2937 4495 3236 4567 omnium,

779 4603 1208 4682 cujuscunque
1265 4601 1508 4680 generis
1563 4610 1734 4672 sunt,
1787 4601 1853 4661 in
1909 4601 2082 4661 dicta
2128 4601 2465 4680 parochia:
2538 4601 2692 4661 item
2755 4600 3113 4662 oblaciones
3179 4601 3245 4660 in

780 4707 1222 4788 purificacione
1250 4707 1625 4768 feminarum
1658 4714 1957 4786 agentum
2002 4712 2067 4767 et
2116 4707 2472 4768 oblaciones
2520 4706 2586 4766 in
2634 4707 3051 4784 sponsalibus,
3098 4727 3237 4768 cum

926 4829 1234 4871 l—Lcinthall
1263 4829 1444 4875 Ean-les.
1471 4829 1626 4870 which
1655 4829 1877 4876 belonged
1902 4833 1955 4871 to
1980 4831 2062 4871 the
2090 4829 2377 4875 Mox-timere,
2416 4829 2457 4870 la
2484 4828 2588 4870 said
2614 4833 2665 4870 to
2691 4829 2813 4870 have
2839 4828 2983 4871 taken
3012 4829 3076 4871 its
3104 4841 3240 4872 name

772 4879 896 4922 from
922 4881 1006 4922 the
1033 4881 1174 4921 Barla
1199 4878 1249 4920 of
1277 4881 1456 4920 March.
1537 4881 1634 4921 But
1659 4881 1742 4920 the
1767 4885 1909 4927 entry
1936 4881 1981 4920 in
2009 4881 2091 4921 the
2130 4881 2344 4926 Resistet·
2379 4879 2419 4920 is
2454 4879 2625 4920 earlier
2656 4880 2775 4920 than
2813 4881 2896 4921 the
2946 4880 3068 4922 title.
3145 4882 3241 4922 The

773 4941 914 4972 name
939 4941 1042 4971 was
1067 4931 1204 4976 given
1233 4929 1458 4976 probably
1484 4929 1530 4968 in
1561 4931 1720 4971 Saxon
1747 4929 1905 4970 times.
1973 4931 2071 4971 The
2098 4929 2309 4970 Comites
2336 4927 2385 4970 of
2411 4931 2493 4970 the
2528 4933 2631 4970 text
2666 4941 2824 4970 seems
2859 4932 2941 4970 the
2978 4931 3239 4978 Latinizing

771 4980 823 5022 of
847 4993 878 5022 a
903 4979 1114 5022 familiar
1140 4991 1294 5026 name,
1323 4979 1370 5020 in
1395 4979 1551 5021 which
1577 4981 1661 5020 the
1689 4981 1957 5026 possessive
1983 4991 2095 5021 case
2120 4992 2223 5022 was
2250 4979 2487 5021 mistaken
2514 4978 2589 5021 for
2613 4991 2644 5020 a
2670 4979 2837 5026 plural.
