3619 5868
34 3155 151 3197 Fol.

1191 492 1491 572 Episcopi
1544 492 2026 572 Herefordemis.
2718 496 2836 557 271

378 716 748 795 magistrum
777 717 859 776 W
880 715 1228 795 [illelmum]
1275 717 1353 778 de
1382 717 1602 777 Monte
1632 716 1825 789 Forti,
1856 717 2338 779 Herefordensis
2372 717 2654 779 Ecclesie
2687 718 2836 779 Pre-

376 827 695 883 centorem
718 840 732 894 ;
777 823 902 902 qui,
933 828 1004 883 ut
1032 822 1190 884 bene
1218 823 1525 895 novimus,
1557 824 1691 884 sine
1721 823 2026 885 dilacione
2053 824 2332 885 indebita
2358 824 2536 886 vobis
2578 830 2836 904 paratus

373 927 493 988 erit
533 927 735 989 facere
776 929 843 987 in
883 928 1180 1008 predictis
1216 928 1465 1008 justicie
1502 928 2052 1008 complementum,
2097 950 2134 989 a
2169 930 2325 1009 juris
2367 930 2618 990 tramite
2658 931 2838 1009 juxta

376 1053 555 1094 suam
612 1033 1067 1095 conscienciam
1124 1033 1383 1095 minime
1438 1034 1759 1095 deviando.
1869 1035 2006 1095 Has
2076 1034 2208 1096 vias
2264 1034 2440 1095 vobis
2504 1034 2835 1096 scribimus

375 1137 808 1209 multiformes,
858 1144 931 1199 ut
979 1143 1276 1218 appareat
1324 1137 1655 1199 manifeste
1712 1139 1880 1218 quod
1929 1139 2106 1199 vobis
2161 1142 2270 1199 aut
2326 1140 2550 1200 vestris
2599 1140 2834 1219 injuste

374 1244 687 1305 adversari
730 1245 1057 1317 nollemus,
1086 1264 1203 1305 nec
1245 1245 1412 1324 quod
1439 1244 1616 1305 vobis
1657 1244 1835 1305 fieret
1877 1244 2126 1324 aliquod
2167 1263 2503 1324 gravamen
2546 1251 2655 1305 aut
2695 1265 2833 1325 pre-

369 1350 675 1430 judicium
718 1349 1088 1411 consentire.
1173 1350 1469 1411 Valeatis.
1552 1351 1792 1410 Datum
1833 1355 1906 1410 ut
1949 1370 2138 1429 supra
2179 1350 2480 1429 proximo.

264 1668 276 1679 ·
378 1630 501 1692 The
557 1630 752 1692 Abbot
814 1631 869 1692 is
928 1631 1193 1692 directed
1250 1638 1307 1692 to
1361 1631 1509 1692 send
1564 1631 1661 1691 the
1712 1631 1882 1691 letter
1929 1631 2256 1692 addressed
2315 1636 2372 1691 to
2433 1631 2531 1692 the
2593 1630 2835 1709 Official
2909 1631 2912 1634 ’

614 1712 809 1772 under
855 1732 1025 1773 cover
1074 1718 1134 1773 to
1178 1712 1461 1773 Richard
1509 1712 1582 1771 de
1630 1712 1978 1789 Kimberley
2013 1711 2123 1791 for
2172 1712 2618 1784 trammission,
2661 1712 2724 1792 tf
2761 1713 2832 1774 hc

614 1793 671 1853 is
726 1793 1050 1871 unwillinq
1108 1800 1166 1853 to
1207 1793 1487 1871 forward
1544 1793 1596 1853 it
1651 1792 1928 1871 directly.

534 1948 780 2009 Auen-1
815 1949 1478 2009 RADmom.—Postea
1511 1948 1924 2008 mandabatur
1961 1948 2163 2009 eidem
2194 1948 2420 2009 Abbati
2458 1949 2526 2008 in
2559 1950 2830 2029 quadam

370 2054 494 2115 alia
551 2056 733 2135 quod,
794 2055 941 2135 quia
1000 2056 1067 2114 in
1129 2055 1409 2134 predicta
1471 2054 1682 2115 littera
1748 2054 1986 2114 directa
2048 2053 2312 2114 Officiali
2383 2054 2504 2114 alia
2573 2054 2832 2133 negocia

371 2161 628 2221 Domini
691 2162 1176 2223 continebantur
1235 2181 1356 2241 que
1414 2162 1621 2241 ipsum
1686 2159 1992 2220 Abbatem
2048 2180 2177 2221 non
2238 2160 2598 2240 tangebant,
2661 2160 2832 2221 idem
2903 2178 2910 2185 ·

370 2266 578 2329 Abbas
647 2269 912 2329 eandem
978 2267 1274 2339 litteram,
1339 2268 1393 2328 si
1452 2287 1564 2347 pro
1632 2267 1907 2347 negociis
1969 2267 2237 2346 propriis
2300 2267 2503 2328 eidem
2563 2266 2828 2327 Officiali

366 2376 618 2436 mittere
659 2376 870 2447 nollet,
914 2376 1193 2437 clausam
1248 2376 1519 2436 traderet
1574 2375 1844 2436 Ricardo
1892 2375 1970 2435 de
2020 2374 2460 2454 Kyneburleye
2503 2374 2824 2435 transmit-

368 2482 623 2542 tendam
666 2482 885 2543 eidem.

369 2736 667 2797 Mandate
710 2742 767 2797 to
811 2737 907 2798 the
953 2736 1192 2814 Official
1234 2742 1292 2797 to
1333 2736 1540 2797 collect
1578 2735 1838 2797 without
1878 2736 2056 2813 delay
2101 2736 2198 2796 the
2237 2736 2583 2797 reminder
2623 2735 2693 2814 of
2729 2734 2828 2796 the

610 2817 858 2879 clerical
896 2817 1148 2895 subsidy
1190 2817 1317 2877 and
1356 2817 1591 2895 depos-it
1632 2816 1685 2877 it
1738 2816 1812 2877 in
1861 2816 1958 2877 the
2011 2817 2312 2895 Treasury
2355 2823 2422 2877 at
2473 2816 2775 2895 Hereford
2795 2837 2820 2885 ;

608 2898 987 3058 ἓξηέἔὲῖοὲ
1044 2898 1356 2978 expressed
1405 2898 1539 2959 that
1593 2898 1736 2976 only
1786 2901 1926 2960 2340
1968 2898 2078 2959 has
2121 2898 2264 2959 been
2303 2898 2581 2960 collected
2625 2897 2700 2975 by
2742 2897 2822 2958 R.

529 3137 1056 3200 OFFIOIAL1.—Et
1110 3138 1279 3198 dicto
1334 3136 1599 3197 Officiali
1654 3135 1942 3197 similiter
1989 3135 2054 3194 in
2098 3135 2368 3214 quadam
2409 3134 2531 3194 alia
2573 3135 2827 3194 manda-

362 3243 549 3306 batur
597 3245 763 3325 quod
818 3243 1131 3305 Dominus
1180 3243 1523 3304 mirabatur
1570 3244 1647 3304 de
1695 3248 1828 3302 tam
1886 3261 2078 3321 parvo
2140 3241 2349 3302 levato
2407 3242 2484 3302 de
2547 3240 2826 3301 subsidio

364 3351 529 3422 cleri,
572 3356 728 3430 puta
768 3351 847 3411 de
886 3351 950 3409 xl
993 3350 1167 3412 libris
1215 3355 1359 3429 post
1408 3350 1645 3410 domini
1693 3350 1733 3410 J
1754 3349 2068 3427 [ohannis]
2131 3349 2208 3410 de
2255 3348 2434 3409 Clare
2478 3349 2556 3409 ab
2603 3347 2828 3428 Anglia

362 3477 695 3528 recessum,
740 3456 1133 3536 diligenciam
1176 3457 1457 3536 magistri
1507 3456 1565 3515 R
1584 3455 1822 3534 [icardi]
1883 3455 1960 3515 de
1990 3453 2286 3533 Heytone
2337 3454 2596 3514 minime
2645 3474 2812 3514 com-

362 3564 755 3634 mendando;
820 3569 884 3624 et
945 3562 1147 3623 eidem
1211 3563 1474 3623 Officiali
1534 3562 1889 3622 mandando
1953 3561 2120 3640 quod
2181 3561 2500 3622 residuum
2559 3560 2825 3623 sollicite

361 3670 552 3730 levari
594 3669 843 3740 faceret,
874 3669 1043 3749 quod
1083 3669 1414 3729 estimatur
1454 3669 1533 3728 ad
1574 3668 1635 3727 lx
1680 3667 1887 3738 libras,
1919 3673 1984 3728 et
2025 3667 2191 3728 idem
2239 3667 2305 3726 in
2345 3666 2826 3727 Thesaurariam

363 3775 891 3836 Herefordensem
960 3795 1106 3835 cum
1175 3774 1296 3835 alia
1362 3775 1623 3835 collecta
1690 3775 2047 3853 deponeret,
2118 3793 2442 3854 quousque
2511 3773 2826 3836 Dominus

362 3881 689 3941 mandaret
742 3881 911 3960 quod
965 3881 1153 3941 vellet
1209 3880 1341 3941 fieri
1398 3881 1495 3942 de'
1529 3881 1796 3959 pecunia
1851 3887 2214 3943 memorata.

364 4160 487 4221 The
546 4161 869 4222 Precentor
929 4161 983 4221 is
1034 4161 1372 4222 instructed
1432 4169 1537 4222 not
1594 4169 1651 4223 to
1705 4161 1841 4240 qive
1895 4162 2174 4222 occasion
2226 4163 2296 4242 of
2344 4163 2563 4242 appeal
2613 4171 2670 4225 to
2715 4165 2814 4226 the

601 4241 794 4302 Abbot
833 4244 904 4321 os
936 4241 1219 4320 Readinq
1266 4263 1336 4302 or
1374 4242 1591 4313 others,
1635 4243 1762 4303 and
1814 4249 1870 4302 to
1913 4242 2222 4304 ascertain
2265 4243 2523 4322 throuqh
2563 4244 2809 4324 Antony

601 4322 763 4383 Beke
802 4323 865 4402 if
899 4323 997 4384 the
1037 4322 1205 4400 Kinq
1245 4322 1487 4384 intends
1534 4330 1591 4384 to
1632 4343 1793 4384 cross
1839 4324 1934 4384 the
1981 4323 2257 4384 Channel
2299 4324 2421 4385 this
2463 4345 2741 4386 summer.

519 4478 1213 4539 Pnncmurom.—Item
1254 4479 1669 4540 mandabatur
1708 4480 1775 4538 in
1816 4481 2087 4560 quadam
2125 4481 2334 4540 littera
2375 4481 2628 4542 domino
2669 4482 2817 4543 Pre-

358 4584 596 4646 centori
643 4585 810 4665 quod
858 4605 974 4646 nec
1022 4586 1276 4647 domino
1326 4586 1551 4648 Abbati
1601 4587 1907 4667 Radingie
1955 4607 2071 4648 nec
2112 4587 2216 4646 alii
2267 4587 2443 4648 daret
2486 4590 2813 4650 materiam

358 4688 729 4769 appellandi,
786 4695 851 4750 et
905 4691 1071 4771 quod
1140 4692 1420 4753 mitteret
1476 4693 1553 4752 ad
1601 4693 1927 4753 dominum
1990 4692 2391 4776 A[ntonium]
2457 4694 2648 4766 Beke,
2707 4694 2816 4756 ubi

358 4795 671 4856 Dominus
719 4796 851 4857 Rex
899 4797 1061 4858 foret
1108 4789 1181 4857 in'
1222 4799 1538 4878 quindena
1588 4799 1816 4859 Sancte
1871 4799 2214 4872 Trinitatis,
2272 4819 2438 4860 anno
2487 4800 2816 4871 LXXXP,

357 4900 437 4961 ad
497 4901 822 4962 sciendum
884 4902 963 4962 ab
1023 4903 1161 4983 ipso
1224 4902 1277 4964 si
1345 4904 1480 4965 Rex
1541 4904 1763 4965 debeat
1824 4905 1944 4966 hac
2005 4909 2206 4966 estate
2267 4905 2688 4993 transtretare,
2746 4913 2812 4969 et
