3619 5868
831 499 953 560 234
1399 555 1404 559 .
1493 501 1851 580 Reqistrum
1906 502 2126 564 Thome
2180 503 2253 564 de
2312 502 2643 582 Cantilupo

832 734 1002 796 John
1036 735 1111 795 de
1149 735 1445 814 Bitterley
1485 737 1540 798 is
1580 737 1883 829 insormed
1918 739 2051 798 that
2083 739 2285 798 Adam
2314 738 2387 799 de
2415 738 2633 817 Fizeby
2659 759 2784 799 was
2814 739 3075 799 collated
3112 746 3177 799 to
3212 739 3311 798 the

1076 817 1354 895 Deanery
1411 818 1874 897 conditwnally,
1934 820 2061 879 and
2124 820 2259 880 that
2316 819 2572 897 nothing]
2629 820 2851 881 should
2910 819 2974 880 be
3036 820 3207 880 done
3250 827 3311 880 to

1067 898 1385 976 prejudice
1427 899 1524 959 the
1564 900 1780 960 claime
1822 900 1893 978 os
1926 900 2093 960 John
2132 901 2206 960 de
2238 899 2639 979 Aquablanca
2670 908 2738 961 at
2770 901 2977 960 Rome.
3048 901 3309 960 Details

1073 979 1144 1057 os
1185 979 1283 1039 the
1314 980 1484 1040 letter
1529 987 1587 1040 to
1633 981 1730 1040 the
1775 981 2081 1041 Cardinal
2120 1001 2225 1042 are
2266 981 2557 1060 reported,
2600 981 2727 1041 and
2768 1001 2810 1041 a
2852 982 3203 1060 trans-cripi
3246 983 3317 1060 os

1077 1059 1174 1118 the
1200 1060 1587 1120 commission
1617 1068 1673 1121 to
1719 1061 1817 1121 the
1845 1061 2185 1122 Archbisho
2256 1062 2311 1122 is
2340 1069 2491 1131 sent,
2522 1062 2657 1122 that
2701 1061 2772 1122 lw
2798 1083 2941 1140 my
2982 1062 3309 1122 ascertain

1076 1139 1172 1200 the
1201 1141 1334 1218 full
1372 1141 1656 1219 meaninq
1696 1144 1767 1220 of
1799 1142 2036 1203 certain
2080 1149 2164 1202 tec
2210 1142 2381 1202 nical
2411 1142 2687 1222 phrase&
2775 1143 2899 1202 The
2942 1143 3205 1203 Charch
3246 1143 3317 1222 os

1078 1220 1250 1300 Groft
1293 1221 1402 1281 has
1447 1222 1588 1282 been
1627 1223 1937 1302 confer-red
1985 1243 2066 1283 on
2115 1223 2245 1282 him
2290 1223 2843 1302 notwithstanding
2886 1224 3023 1284 that
3068 1224 3144 1284 he
3192 1223 3305 1284 has

1073 1301 1214 1360 been
1246 1302 1563 1381 presented
1605 1310 1663 1363 to
1703 1324 1744 1362 a
1788 1303 2037 1381 benefice
2081 1304 2155 1382 by
2200 1302 2298 1364 the
2330 1310 2649 1383 patrones-3
2690 1303 2823 1364 who
2867 1303 2977 1364 has
3020 1325 3163 1364 won
3202 1304 3309 1364 her

1073 1383 1200 1442 suit
1242 1383 1314 1442 in
1357 1385 1546 1444 Court
1590 1384 1853 1463 relativa]
1904 1391 1962 1444 to
2004 1384 2075 1444 it.

991 1537 1281 1610 Thomas,
1312 1544 1449 1610 etc„
1480 1539 1519 1599 J
1523 1539 1756 1600 ohanni
1792 1541 1871 1600 de
1913 1539 2271 1618 Buterleye,
2302 1539 2700 1600 Procuratori
2744 1559 2861 1600 suo
2901 1539 2967 1598 in
3010 1540 3310 1600 Romana

825 1643 1016 1705 Curia
1073 1645 1504 1717 commoranti,
1565 1646 1853 1718 salutem,
1913 1652 2029 1707 etc.
2134 1646 2278 1706 Non
2338 1647 2650 1707 credimus
2708 1666 2819 1706 vos
2876 1646 3073 1706 latere
3132 1646 3309 1726 quod

829 1748 1222 1809 Decanatum
1267 1748 1795 1811 Hereiordensem
1838 1751 2288 1811 contulerimus
2330 1751 2631 1830 magistro
2676 1750 2806 1811 Ade
2846 1752 2925 1812 de
2968 1752 3198 1830 Fileby
3241 1753 3305 1810 in

827 1859 1126 1914 eventum
1196 1853 1574 1934 hujusmodi,
1647 1855 1700 1916 si
1756 1861 1975 1916 contra
2032 1857 2072 1916 J
2074 1856 2387 1916 ohannem
2442 1857 2521 1916 de
2580 1856 2759 1937 Aqua
2812 1857 3061 1917 Blanka
3110 1877 3309 1936 super

826 1961 1050 2021 eodem
1119 1961 1447 2021 Decanatu
1515 1961 1580 2020 in
1651 1962 1937 2022 Romana
2006 1961 2195 2023 Curia
2264 1963 2587 2024 sentencia.
2648 1963 2930 2033 ferretur,
2982 1983 3301 2043 nusquam

825 2071 1116 2146 gerentes
1178 2067 1243 2126 in
1306 2068 1516 2128 animo
1578 2073 1650 2128 ut
1713 2068 1832 2129 sibi
1902 2069 2325 2130 adversarium
2386 2088 2770 2148 pararemus,
2820 2089 2938 2128 nec
3000 2089 3120 2129 nos
3184 2088 3305 2128 nec

826 2172 1033 2233 dictus
1083 2171 1301 2244 Adam,
1361 2173 1501 2244 nisi,
1553 2179 1739 2252 prout
1789 2175 2365 2254 suprascripsimuS,
2410 2195 2535 2254 quo
2578 2175 2777 2254 magis
2820 2174 3225 2254 elongaretur
3264 2195 3301 2234 a

825 2279 1264 2357 consequendo
1323 2279 1426 2359 jus
1489 2298 1710 2350 suum;
1775 2299 2003 2359 proper
2064 2281 2230 2360 quod
2292 2280 2605 2350 nolumus,
2670 2279 2863 2340 immo
2926 2280 3148 2359 pocius
3207 2280 3299 2338 in-

824 2383 1113 2444 hibemus
1171 2403 1478 2463 expresse,
1523 2405 1603 2445 ne
1663 2385 1827 2445 clam
1885 2385 1984 2446 vel
2042 2386 2269 2465 palam,
2330 2405 2443 2465 per
2500 2405 2613 2446 vos
2672 2391 2781 2446 aut
2840 2385 3015 2455 alios,
3078 2393 3297 2446 nostro

823 2489 1079 2550 nomine
1135 2491 1340 2550 eidem
1394 2491 1435 2551 J
1437 2491 1672 2551 ohanni
1729 2492 1796 2551 in
1852 2491 2297 2572 prosecucione
2346 2491 2503 2572 juris
2560 2493 2658 2553 sui
2714 2512 2903 2571 super
2966 2492 3299 2552 Decanatu

823 2595 1345 2675 impedimentum
1388 2596 1640 2676 aliquod
1681 2603 1792 2658 aut
1834 2597 2266 2658 resistenciam
2307 2597 2655 2676 procuretis
2690 2596 2916 2657 afferri.
3002 2597 3299 2658 Preterea

824 2703 1098 2764 caveatis
1139 2724 1220 2765 ne
1261 2705 1560 2783 magistro
1607 2704 1739 2764 Ado
1783 2704 2045 2784 prefatO,
2089 2703 2615 2783 procuratoribus,
2668 2703 2871 2774 sociis,
2916 2703 3155 2774 amicis,
3184 2722 3299 2763 seu

821 2808 992 2870 notis
1031 2808 1230 2888 ipsius
1263 2809 1332 2868 in
1371 2809 1560 2870 Curia
1591 2809 1656 2868 in
1696 2810 1977 2888 predicto
2016 2809 2291 2888 negocio,
2326 2815 2436 2868 aut
2468 2808 2534 2867 in
2569 2808 2707 2869 aliis
2738 2828 2856 2869 nos
2892 2808 3294 2888 tangentibus

820 2918 934 2975 aut
995 2919 1244 2976 nostros
1294 2913 1552 2976 clericos
1600 2915 1700 2977 vel
1749 2915 2053 2987 subditos,
2098 2936 2209 2977 seu
2259 2914 2561 2976 beneficia
2608 2919 2822 2977 nostre
2864 2915 3141 2977 civitatis
3182 2933 3293 2976 seu

821 3018 1106 3089 diocesis,
1152 3020 1409 3079 omnino
1465 3021 1752 3092 credatis,
1796 3021 1916 3081 nisi
1972 3026 2284 3101 quatenus
2327 3020 2404 3080 de
2454 3019 2572 3079 hac
2612 3018 2789 3079 vobis
2838 3018 3290 3098 scripserimus,

822 3125 922 3187 vel
977 3126 1310 3187 manifeste
1366 3126 1647 3187 videritis
1696 3127 1852 3187 utile
1901 3127 2082 3187 nobis
2132 3146 2271 3187 esse
2325 3126 2495 3206 quod
2554 3125 2810 3195 dicunt;
2872 3130 2970 3186 set
3028 3125 3291 3185 sollicite

823 3229 1118 3290 laboretis
1159 3250 1240 3291 ne
1282 3250 1394 3309 per
1435 3250 1542 3291 eos
1585 3231 1792 3310 aliqua
1834 3232 2045 3291 littera
2086 3230 2359 3310 graciam
2394 3250 2506 3291 seu
2540 3249 2939 3290 communem
2972 3231 3291 3310 justiciam

823 3334 1174 3405 continens,
1205 3338 1270 3393 et
1313 3333 1492 3395 nobis
1535 3355 1608 3395 ac
1650 3335 1885 3396 nostris
1926 3334 2346 3413 prejudicialis
2382 3333 2674 3403 existens,
2706 3333 2783 3393 de
2815 3353 2940 3413 quo
2974 3334 3289 3404 timemus,

823 3438 1178 3518 aliqualiter
1253 3439 1641 3519 impetretur.
1745 3440 1885 3501 Hec
1962 3446 2174 3500 tamen
2259 3438 2324 3497 in
2406 3438 2640 3500 virtute
2720 3438 3083 3499 obediencie
3166 3440 3291 3499 sint

822 3545 998 3606 vobis
1041 3550 1300 3607 secreta.
1403 3546 1499 3605 Ad
1555 3546 1672 3607 hec
1727 3546 2040 3607 mittimus
2106 3546 2380 3607 Domino
2440 3545 2701 3605 Matheo
2764 3544 3080 3605 Gardinali
3122 3551 3287 3606 tran-

819 3651 1128 3729 scriptum
1170 3652 1378 3713 littere
1439 3673 1628 3732 quam
1692 3658 1912 3713 contra
1972 3672 2089 3713 nos
2130 3652 2259 3731 jam
2300 3652 2526 3712 ultimo
2569 3651 2929 3730 impetravit
2977 3652 3289 3712 Dominus

824 3755 1213 3827 Assavensis,
1286 3759 1452 3837 quod
1521 3758 1702 3819 nobis
1772 3758 2053 3829 misistiS,
2133 3777 2255 3838 que
2330 3756 2512 3818 nobis
2582 3756 2919 3816 admodum
2990 3757 3289 3835 injuriosa

770 3936 779 3941 ⁶
819 3862 1101 3933 videtur;
1168 3869 1238 3923 ut
1299 3863 1482 3925 nobis
1545 3884 1582 3925 a
1640 3865 1914 3925 Domino
1969 3864 2143 3943 Papa
2200 3863 2451 3943 aliquod
2507 3868 2889 3941 oportunum
2944 3862 3289 3923 remedium

820 3986 1010 4047 super
1079 3968 1215 4048 ejus
1284 3970 1691 4032 enervacione
1761 3975 2088 4049 procuret;
2160 3975 2225 4030 et
2286 3988 2399 4029 vos
2469 3968 2676 4046 ipsum
2740 3968 2819 4027 ad
2880 3966 3001 4027 hoc
3059 3966 3292 4047 jugiter

818 4074 1124 4145 excitetis,
1154 4080 1244 4147 ut,
1285 4076 1339 4137 si
1377 4076 1628 4137 uberius
1667 4076 2012 4137 remedium
2050 4095 2177 4135 non
2211 4072 2412 4152 possit
2447 4072 2680 4143 haberi,
2716 4072 2940 4132 saltem
2974 4072 3289 4133 Dominus

823 4181 996 4260 Papa
1038 4181 1243 4241 denuo
1285 4182 1516 4242 scribat
1559 4182 1835 4242 Domino
1881 4181 1942 4259 [J
1946 4180 2203 4257 ohanni]
2251 4176 2706 4247 Cantuariensi,
2757 4176 2857 4237 cui
2900 4177 3109 4237 littera
3150 4197 3285 4256 pre—

820 4284 1014 4345 libata
1062 4284 1365 4364 dirigitur,
1409 4286 1506 4346 vel
1555 4284 1740 4346 alicui
1791 4283 2207 4345 Eboracensis
2256 4280 2585 4343 Provincie
2633 4299 2761 4340 non
2803 4287 3115 4360 suspecto,
3157 4300 3288 4340 non

818 4392 1113 4453 obstante
1157 4392 1630 4454 Constitucione
1673 4394 1750 4454 de
1793 4393 2035 4453 duabus
2078 4390 2297 4461 dietis;
2348 4389 2533 4469 quod,
2578 4387 2700 4449 nisi
2742 4407 2929 4448 cause
2971 4387 3037 4446 in
3077 4387 3291 4447 littera

819 4497 1102 4577 predicta
1149 4503 1463 4568 contente,
1513 4498 1594 4558 ob
1642 4518 1798 4578 quas
1850 4498 2162 4557 Dominus
2214 4495 2387 4574 Papa
2435 4492 2647 4552 induci
2697 4490 2896 4551 fertur
2944 4492 3023 4551 ad
3072 4492 3289 4572 hujus-

822 4603 990 4665 modi
1048 4603 1325 4664 litteram
1381 4604 1863 4673 concedendam,
1926 4602 2257 4663 veritatem
2312 4599 2695 4667 contineant,
2753 4596 3029 4657 litteram
3086 4598 3291 4677 ipsam

819 4709 1056 4779 reiciat,
1119 4716 1237 4771 etc.
1363 4709 1686 4770 Prefatum
1743 4714 1955 4770 autem
2013 4706 2463 4785 transcriptum
2527 4723 2603 4764 ex
2656 4702 3049 4764 habundanti
3110 4705 3289 4767 vobis

822 4814 1330 4887 transmittimuS,
1389 4816 1442 4876 si
1501 4836 1625 4897 quo
1666 4836 1818 4876 casu
1860 4814 2119 4875 fortuito
2162 4810 2471 4873 desieritis
2512 4808 2667 4867 illud
2708 4805 2954 4879 habere,
3010 4814 3077 4869 et
3117 4814 3287 4869 tran-

821 4920 1128 5001 scriptum
1176 4921 1385 4982 littere
1442 4942 1630 5002 quam
1690 4922 2003 4982 mittimus
2059 4916 2391 4981 Gardinali.
2502 4912 2848 4994 Inquiratis
2895 4914 3093 4975 eciam
3133 4916 3287 4995 quid
