3619 5868
765 507 884 567 182
1427 504 1784 585 Ray-istum
1842 505 2063 567 Thomc
2115 505 2189 567 de
2246 505 2579 586 Cantilupo

765 750 880 810 per
961 731 1152 792 finem
1238 731 1652 792 ducentarum
1731 730 2051 802 librarum,
2136 739 2305 802 etc.;
2394 747 2534 802 nos,
2606 730 2890 792 volentes
2958 729 3039 790 ob
3107 729 3257 789 hoc

765 838 931 918 quod
999 837 1104 898 ille
1173 838 1280 916 xiij
1297 837 1360 897 li.
1423 837 1576 916 iiijs.
1656 837 1800 916 iijd.
1882 837 2154 909 obolum,
2234 855 2392 916 quas
2466 838 2647 898 nobis
2723 837 2982 897 reddere
3056 843 3255 896 tene-

763 943 920 1003 mini
977 943 1306 1003 annuatim
1367 961 1566 1021 usque
1622 941 1701 1002 ad
1759 942 2101 1020 legitimam
2159 947 2394 1003 etatem
2439 941 2861 1021 predictorum
2906 941 3252 1014 heredum,

763 1068 878 1130 pro
927 1050 1208 1110 manerio
1264 1049 1342 1109 de
1399 1049 1881 1128 Nortperet-one,
1926 1049 2095 1130 quod
2142 1049 2265 1110 fuit
2306 1050 2571 1129 predicti
2612 1049 2911 1130 Philippi,
2955 1057 3021 1111 et
3060 1048 3257 1130 quod

767 1154 966 1216 Priori
1009 1162 1222 1216 vestro
1263 1163 1328 1215 et
1369 1153 1546 1215 vobis
1605 1154 2045 1215 dimiseramus
2100 1163 2248 1215 ante
2290 1155 2524 1216 dictam
2582 1153 3049 1217 concessionem
3094 1173 3253 1234 pre·

765 1260 898 1321 fato
941 1260 1256 1339 Episcopo
1299 1259 1558 1332 factam,
1590 1259 1666 1320 de
1709 1266 1918 1321 cetero
1959 1280 2071 1339 per
2112 1280 2341 1322 manus
2382 1269 2627 1322 vestras
2668 1261 2871 1322 eidem
2913 1261 3253 1340 Episcopo

763 1366 1114 1427 reddantur
1162 1365 1490 1426 annuatim
1540 1384 1738 1446 usque
1789 1364 1873 1425 ad
1924 1371 2157 1425 etatem
2201 1366 2581 1445 predictam3
2634 1365 2811 1427 vobis
2853 1365 3253 1426 mandamus

761 1471 930 1551 quod
993 1471 1311 1550 predictas
1375 1470 1480 1549 xiij
1497 1471 1560 1532 li.
1627 1470 1714 1550 iiij
1731 1491 1782 1533 s.
1848 1477 1912 1530 et
1961 1471 2027 1551 iij
2043 1470 2103 1531 d.
2168 1470 2420 1532 obolum
2487 1471 2732 1550 prefato
2790 1471 3106 1550 Episcopo
3156 1470 3253 1531 de

764 1585 975 1638 cetero
1032 1576 1290 1636 solvatis
1347 1577 1410 1635 in
1468 1576 1670 1637 forma
1727 1575 2031 1656 predicta,
2080 1584 2143 1636 et
2186 1577 2243 1638 ei
2297 1577 2443 1638 inde
2502 1597 2701 1658 usque
2748 1578 2829 1638 ad
2890 1577 3251 1656 legitimam

764 1689 1005 1743 etatem
1061 1682 1360 1742 heredum
1419 1682 1840 1761 predictorum
1898 1683 2035 1743 sitis
2080 1683 2483 1745 intendentes
2524 1691 2588 1743 et
2630 1683 3121 1763 respondentes;
3170 1689 3249 1745 et

767 1787 1059 1849 denarios
1115 1807 1272 1868 quos
1330 1788 1531 1849 eidem
1593 1789 1910 1868 Episcopo
1965 1788 2111 1848 inde
2169 1789 2245 1849 de
2302 1798 2511 1849 cetero
2568 1789 2880 1850 solveritis
2922 1789 3005 1848 ad
3050 1789 3249 1850 Scae-

765 1893 1007 1954 carium
1065 1903 1349 1954 nostrum
1413 1893 1587 1954 vobis
1647 1893 2074 1954 allocabimus.
2182 1895 2368 1956 Teste
2425 1894 2486 1955 J.
2554 1896 2632 1955 de
2691 1895 3005 1956 Daleham
3064 1894 3251 1974 apud

769 2002 1428 2074 westmonasterium,
1475 2001 1598 2078 xvij
1652 2000 1752 2062 die
1791 2002 1990 2072 Junii,
2036 2021 2205 2062 anno
2247 2002 2420 2080 regni
2462 2001 2663 2062 nostri
2706 2006 2905 2061 sexto.

769 2267 922 2344 July
967 2271 1152 2327 20.—
1164 2267 1458 2327 Mandata
1503 2275 1561 2327 to
1613 2267 1710 2327 the
1771 2269 2103 2328 Treasurer
2142 2269 2267 2326 and
2322 2269 2561 2329 Barons
2603 2269 2673 2346 of
2722 2268 2819 2328 the
2874 2269 3252 2349 Exchequer

1017 2356 1074 2409 to
1122 2349 1360 2426 inspect
1406 2349 1502 2407 the
1551 2349 1700 2408 rolls
1750 2349 1876 2408 and
1927 2355 1985 2408 to
2033 2348 2181 2409 send
2220 2349 2602 2428 particular-3
2644 2350 2716 2427 os
2758 2348 2855 2408 the
2904 2369 3070 2410 sums
3120 2351 3247 2412 duo

1017 2437 1074 2489 to
1124 2430 1250 2490 and
1279 2430 1450 2506 from
1495 2428 1590 2488 the
1633 2429 1888 2509 Bishop,
1934 2429 2069 2489 that
2109 2430 2207 2489 the
2242 2437 2498 2490 account
2533 2449 2674 2506 may
2714 2429 2781 2490 bc
2820 2429 3131 2491 balanced.

932 2585 1226 2644 Llwrmm
1287 2584 1495 2644 Bacis
1559 2603 1680 2644 PRO
1745 2602 2279 2646 COMPENSAGIONE
2338 2603 2661 2647 neutuna
2724 2604 2811 2646 nn
2868 2605 3245 2648 numne.—

769 2692 906 2752 Bex
966 2691 1380 2752 Thesaurario
1427 2700 1490 2750 et
1558 2691 1914 2752 Batonibus
1972 2691 2102 2750 suis
2158 2692 2235 2750 de
2295 2691 2620 2752 Scaccario
2676 2693 2971 2754 salutem.
3075 2695 3241 2754 Cum

767 2796 1162 2858 Venerabilis
1227 2797 1437 2868 Pater,
1497 2797 1792 2866 ThomaS,
1858 2796 2337 2858 Herefordensis
2408 2798 2782 2877 EpiscopuS,
2852 2819 2967 2878 pro
3037 2819 3104 2860 se
3172 2805 3245 2860 et

767 2903 1313 2983 predecessoribus
1347 2903 1477 2964 suis
1511 2903 1846 2982 Episcopis
1886 2903 2166 2982 ejusdem
2210 2903 2346 2975 loci,
2389 2904 2568 2965 nobis
2606 2904 2669 2964 in
2704 2904 2967 2966 diversis
3008 2905 3244 2967 debitis

768 3014 1080 3080 teneatur,
1163 3029 1236 3069 ac
1291 3028 1408 3069 nos
1473 3009 1673 3069 eidem
1758 3010 2094 3087 EpiscopO,
2174 3010 2337 3069 sicut
2414 3011 2658 3081 asserit,
2730 3010 2795 3070 in
2858 3011 3243 3089 quibusdam

767 3114 997 3175 debitis
1060 3115 1312 3175 aliunde
1356 3120 1680 3176 teneamur
1703 3139 1719 3189 ;
1765 3116 1941 3175 vobis
2002 3116 2371 3175 mandamus
2414 3117 2601 3196 quod,
2662 3117 2958 3176 scrutatis
3014 3118 3243 3178 rotulis

768 3222 994 3281 vestris
1068 3221 1378 3281 Scaccarii
1449 3222 1731 3299 predicti,
1812 3240 1927 3281 nos
1984 3222 2059 3281 de
2118 3222 2383 3281 summis
2452 3222 2801 3282 debitorum
2874 3222 3023 3283 hinc
3091 3223 3242 3285 inde

770 3327 1050 3387 reddatis
1095 3327 1176 3387 ad
1217 3329 1472 3405 plenum
1519 3329 1868 3397 cerciores;
1917 3334 1980 3386 et
2025 3327 2078 3386 si
2121 3347 2235 3387 nos
2279 3328 2397 3387 sibi
2441 3337 2769 3388 teneamur
2813 3330 2877 3388 in
2926 3328 3242 3409 aliquibus

770 3432 1017 3503 debitis,
1077 3453 1154 3493 ex
1213 3452 1338 3511 qua
1388 3452 1582 3493 causa
1636 3443 1698 3492 et
1743 3451 1782 3492 a
1832 3453 1955 3511 quo
1998 3439 2313 3512 tempore;
2372 3435 2463 3494 ita
2512 3435 2676 3513 quod
2727 3436 3049 3514 quamcito
3092 3434 3241 3495 inde

772 3538 1075 3597 fuerimus
1115 3538 1440 3599 cerciorati
1484 3557 1593 3617 per
1634 3538 2080 3598 allocacionem
2125 3539 2272 3597 hinc
2315 3540 2478 3610 inde,
2525 3540 2624 3600 vel
2674 3540 2796 3599 alio
2853 3540 3059 3611 mode,
3104 3540 3239 3600 fieri

773 3644 1077 3705 faciamus
1120 3646 1184 3703 in
1220 3643 1340 3703 hac
1383 3650 1563 3722 parte
1608 3643 1776 3723 quod
1820 3642 1898 3703 de
1930 3643 2067 3721 jure
2103 3643 2288 3703 fuerit
2330 3643 2707 3704 faciendum.
2768 3645 2954 3704 Teste
2998 3645 3238 3723 meipso

773 3729 942 3832 apud
991 3751 1644 3820 Westmonasterium,
1689 3770 1770 3809 xx
1816 3750 1915 3809 die
1956 3749 2303 3820 Julii,anno
2345 3751 2517 3827 regni
2560 3749 2757 3809 nostri
2800 3756 2995 3809 sexte.

774 4022 1243 4083 Memor-andum
1293 4020 1427 4079 that
1480 4027 1591 4080 two
1638 4019 1839 4079 tallias
1882 4023 1955 4095 os
1986 4025 2279 4097 payment
2320 4020 2389 4091 of
2432 4020 2614 4077 :6100
2649 4020 2758 4093 sor
2804 4018 3039 4094 Earley
3086 4036 3237 4077 were

1022 4102 1331 4181 deposited
1374 4101 1447 4177 by
1501 4102 1774 4160 Wzlliam
1816 4101 1886 4159 de
1930 4098 2334 4159 Faukeburnc
2376 4099 2501 4157 and
2544 4100 2709 4158 John
2750 4099 2821 4157 de
2870 4100 3049 4158 Clare
3078 4099 3159 4157 dn
3198 4118 3241 4158 a

1025 4182 1257 4242 leather
1307 4182 1418 4260 baq
1468 4182 1537 4240 in
1583 4202 1624 4241 a
1677 4182 1843 4241 chest
1890 4180 2109 4239 behind
2168 4180 2264 4238 the
2322 4180 2494 4256 Hiqh
2540 4180 2724 4238 Altar
2764 4184 2837 4255 of
2886 4180 2977 4238 St.
3024 4180 3238 4239 Paul's

1029 4264 1276 4323 Ghurch
1329 4266 1395 4323 in
1455 4263 1730 4333 London‚
1781 4261 1975 4321 where
2030 4261 2202 4326 other
2257 4261 2601 4319 documents
2661 4260 2972 4338 belonqinq
3032 4268 3089 4320 to
3142 4260 3239 4320 the

1027 4344 1258 4423 Bishop
1301 4364 1404 4404 are
1441 4345 1681 4424 placed.
1800 4343 1940 4402 The.
1968 4342 2076 4419 lacy
2118 4342 2172 4401 is
2218 4339 2357 4420 kept
2402 4340 2473 4418 by
2526 4341 2617 4400 W.
2663 4342 2734 4400 dc
2776 4340 3201 4401 Faukeburm.

940 4500 1077 4561 Pno
1135 4516 1364 4559 WARDA
1424 4516 1508 4557 m·
1581 4514 1935 4557 mammem
1994 4514 2081 4555 ms
2155 4494 3011 4555 ARnEm.—-Memorandum
3072 4496 3243 4575 quod

777 4606 1060 4685 deposite
1118 4605 1371 4666 fuerunt
1431 4604 1550 4664 due
1610 4604 1784 4663 tallie
1854 4622 1964 4681 per
2019 4602 2342 4661 dominum
2423 4601 2807 4660 Willelmum
2866 4600 2942 4659 de
3000 4602 3239 4662 Fauke-

778 4712 975 4773 burne
1035 4717 1097 4769 et
1159 4709 1198 4770 J
1221 4710 1580 4788 [ohannem]
1654 4710 1730 4767 de
1799 4708 1999 4779 Clare,
2072 4708 2150 4767 de
2224 4707 2568 4767 solucione.
2610 4712 2865 4766 centum
2939 4706 3240 4767 librarum

777 4836 894 4898 pro
957 4818 1200 4897 Arleye,
1261 4816 1326 4875 in
1409 4816 1696 4875 Ecclesia
1743 4814 1960 4876 Sancti
2023 4813 2204 4874 Pauli
2263 4813 2750 4883 Londoniarum,
2822 4812 3113 4873 videlicet
3172 4811 3239 4872 in

782 4924 1056 5005 quodam
1099 4942 1293 5001 parvo
1336 4922 1596 4983 forcerio
1652 4922 1729 4982 de
1785 4922 1954 4982 corio
2009 4922 2318 4981 existente
2374 4920 2439 4978 in
2494 4918 2769 4998 quadam
2826 4919 2987 4979 cista
3029 4924 3241 4979 stante
