3619 5868
489 4440 585 4481 Fon.
612 4440 707 4482 2912.

806 479 887 540 92
1195 543 1212 554 ‚
1448 480 1805 561 chistrwm
1862 481 2081 543 Thomo
2132 482 2208 544 dc
2266 482 2597 563 Cantilupo

807 702 1042 763 habent
1110 704 1188 764 de
1250 705 1524 765 Domino
1584 705 1772 785 Rege,
1836 705 2081 768 ballivis
2137 706 2446 767 dictorum
2514 707 2833 788 Episcopi,
2892 709 3129 768 Decani
3200 713 3271 769 et

807 805 1082 886 Capituli
1138 828 1280 868 cum
1337 808 1565 869 delicto
1619 829 1734 870 suo
1781 830 1896 888 pro
1951 830 2075 890 quo
2124 810 2244 871 suit
2292 810 2690 882 attachiatus‚
2746 816 2811 871 et
2865 811 2930 870 in
2983 812 3267 890 ipsorum

805 913 978 973 curia
1016 913 1319 993 judicium
1361 935 1547 975 suum
1587 915 1845 996 recipiet
1887 922 1951 977 et
1992 916 2304 996 punietur.
2396 917 2563 978 Item
2604 917 2868 996 predicti
2910 917 3076 978 cives
3116 939 3267 979 con·

808 1025 1148 1092 cesserunt,
1198 1040 1313 1100 pro
1369 1042 1436 1082 se
1493 1027 1557 1082 et
1612 1022 1946 1083 heredibus
1996 1023 2145 1094 suis,
2194 1023 2453 1103 prefatis
2508 1023 2843 1103 Episcop0,
2888 1025 3145 1085 Decano
3200 1030 3269 1086 et

809 1127 1116 1206 Capitu10,
1159 1133 1224 1188 et
1281 1128 1744 1190 successoribus
1801 1129 1933 1190 suis
1988 1129 2056 1189 in
2109 1135 2502 1210 perpetuum,
2553 1130 2689 1192 sine
2744 1130 3265 1202 contradiccione,

805 1233 1180 1312 calumpnia,
1253 1253 1364 1294 seu
1447 1234 1897 1314 impedimento
1982 1235 2079 1296 sui
2154 1235 2252 1296 vel
2336 1236 2637 1296 heredum
2718 1241 2829 1296 aut
2896 1236 3269 1296 ballivorum

806 1359 1082 1410 suorum,
1125 1340 1476 1420 pilloricum
1532 1345 1597 1401 et
1653 1340 2056 1402 tumbrellum
2111 1341 2369 1402 Domini
2426 1341 2615 1420 Regis
2657 1341 2723 1401 in
2764 1341 3019 1402 civitate
3063 1341 3261 1403 Here-

805 1445 1099 1516 iordensi,
1143 1451 1274 1506 tam
1331 1452 1612 1526 tempore
1667 1447 2091 1506 nundinarum
2145 1447 2297 1507 dicti
2354 1447 2653 1527 Episcopi
2709 1467 2898 1526 quam
2946 1453 3140 1518 extra,
3182 1448 3265 1508 ad

804 1552 1086 1632 predicta
1131 1551 1364 1632 judicia
1412 1572 1526 1612 sua
1581 1551 1865 1612 facienda
1927 1557 1991 1613 et
2050 1552 2172 1612 alia
2228 1572 2373 1613 cum
2432 1553 2799 1632 contingent
2846 1573 2957 1632 per
3004 1553 3267 1614 ballivos

803 1659 1082 1737 ipsorum
1139 1658 1456 1738 Episcopi,
1514 1658 1751 1719 Decani
1809 1664 1873 1720 et
1930 1658 2220 1738 Capituli.
2326 1659 2653 1719 Predictus
2707 1678 2853 1719 vero
2910 1659 3267 1738 Episcopus

799 1763 1150 1842 pilloricum
1200 1769 1264 1823 et
1313 1763 1715 1824 tumbrellum
1765 1784 1887 1844 que
1944 1765 2257 1825 levaverat
2316 1765 2381 1824 in
2440 1764 2693 1825 civitate
2748 1765 3050 1844 predicta,
3092 1765 3261 1826 unde

796 1874 932 1930 erat
975 1869 1302 1930 contencio
1346 1869 1511 1929 inter
1551 1889 1658 1930 eos
1703 1869 1768 1928 in
1812 1869 2001 1930 Curia
2042 1870 2300 1930 Domini
2342 1870 2549 1949 Regis,
2580 1869 2765 1930 faciet
2809 1869 3143 1949 prosterni,
3174 1871 3263 1930 ita

798 1975 963 2055 quod
998 1975 1285 2036 decetero
1319 1995 1447 2034 non
1480 1974 1783 2035 leventur.
1871 1975 2039 2036 Item
2067 1981 2511 2037 concesserunt
2544 1975 2694 2035 dieti
2728 1975 2912 2045 civeS,
2943 1995 3059 2054 pro
3094 1995 3161 2036 se
3194 1981 3259 2036 et

795 2081 1130 2141 heredibus
1164 2081 1295 2141 suis
1329 2080 1787 2160 inperpetuum,
1819 2081 1985 2161 quod
2013 2101 2233 2143 omnes
2265 2081 2554 2142 homines
2592 2081 2901 2141 dictorum
2936 2081 3255 2161 Episcopi,

801 2187 1040 2248 Decani
1069 2191 1134 2248 et
1163 2186 1454 2266 Capituli,
1477 2191 1542 2247 et
1571 2186 2049 2258 Canonicorum,
2080 2193 2145 2248 et
2174 2187 2277 2247 alii
2307 2187 2415 2266 qui
2446 2191 2703 2248 manent
2732 2186 2797 2246 in
2826 2206 3045 2247 eorum
3076 2185 3255 2247 terris

794 2297 862 2353 et
904 2291 1102 2353 feodis
1144 2293 1208 2351 in
1252 2291 1506 2352 civitate
1545 2292 1844 2372 predicta,
1874 2293 2065 2354 libere
2098 2297 2313 2354 emant
2350 2299 2417 2354 et
2444 2293 2719 2353 vendant
2753 2291 2819 2351 in
2853 2291 3073 2352 eadem
3111 2291 3254 2351 civi-

799 2402 930 2458 tate
981 2403 1046 2458 et
1101 2398 1574 2458 marchandisas
1629 2418 1777 2458 suas
1821 2397 2072 2468 faciant,
2124 2404 2189 2459 et
2236 2397 2431 2478 quieti
2478 2398 2607 2459 sint
2651 2397 2728 2458 de
2777 2396 3017 2458 tolneto
3068 2404 3132 2458 et
3178 2398 3253 2458 de

793 2501 1086 2562 omnibus
1115 2501 1252 2562 aliis
1280 2502 1714 2563 exaccionibus
1742 2503 2235 2583 quibuscunque,
2266 2507 2525 2582 excepta
2565 2509 2751 2582 gente
2793 2487 2871 2563 de
2899 2502 3243 2563 advocatia.

794 2609 960 2670 Item
989 2629 1210 2670 omnes
1238 2608 1525 2670 homines
1560 2608 1851 2671 forinseci
1892 2610 2201 2671 dictorum
2240 2609 2557 2690 Episcopi,
2590 2609 2827 2671 Decani
2858 2615 2923 2670 et
2952 2608 3242 2688 Capituli,

795 2718 926 2773 tam
976 2712 1152 2774 liberi
1201 2732 1389 2792 quam
1433 2713 1799 2774 custumarii
1842 2713 2118 2792 exceptis
2159 2714 2610 2774 mercatoribus
2652 2719 2929 2774 mercata
2971 2713 3051 2773 ad
3094 2733 3249 2773 mar—

793 2819 1126 2879 chandisas
1183 2838 1330 2879 suas
1377 2817 1695 2879 faciendas
1743 2818 2175 2880 exercentibus
2225 2819 2289 2878 in
2337 2818 2619 2898 predicta
2666 2819 2920 2879 civitate
2971 2819 3051 2878 ad
3100 2839 3253 2898 opus

791 2943 977 2985 suum
1017 2923 1358 3003 proprium,
1400 2922 1592 2985 libere
1633 2928 1848 2985 emant
1888 2924 2101 2985 omnia
2141 2924 2385 2986 venalia
2426 2924 2492 2984 in
2532 2930 2925 3005 perpetuum,
2956 2931 3023 2986 et
3065 2925 3243 2985 blada

796 3050 910 3090 sua
951 3034 1015 3091 et
1057 3030 1350 3089 animalia
1393 3036 1458 3091 et
1499 3030 1711 3090 omnia
1753 3031 1875 3091 alia
1916 3030 2080 3091 bona
2121 3051 2235 3092 sua
2275 3032 2551 3091 vendant
2593 3031 2671 3091 ad
2704 3030 3010 3111 placitum
3043 3051 3242 3103 suum,

791 3139 1050 3213 excepta
1077 3133 1443 3195 vendicione
1483 3155 1837 3214 pannorum
1877 3156 1990 3215 per
2030 3135 2246 3207 ulnas;
2290 3142 2355 3197 et
2396 3135 2593 3217 quieti
2635 3136 2765 3196 sint
2804 3136 2880 3196 de
2915 3135 3155 3196 tolneto
3188 3142 3250 3197 et

792 3239 1085 3300 omnibus
1131 3238 1268 3299 aliis
1313 3240 1764 3300 exaccionibus.
1851 3240 1938 3300 Et
1983 3261 2127 3301 cum
2172 3241 2430 3301 dubium
2473 3241 2661 3302 fuerit
2702 3241 2808 3320 qui
2856 3241 2987 3301 sint
3022 3261 3249 3302 merca·

794 3348 962 3405 tores
1004 3344 1080 3403 de
1123 3343 1481 3405 hominibus
1522 3345 1838 3424 predictiS,
1870 3345 2158 3406 credatur
2202 3346 2292 3407 eis
2335 3366 2523 3426 super
2564 3346 2683 3407 hoc
2725 3367 2837 3426 per
2878 3346 3081 3407 solam
3124 3346 3245 3407 affi-

789 3448 1116 3509 dacionem
1146 3469 1325 3509 suam
1355 3449 1491 3510 sine
1519 3449 1727 3530 aliqua
1760 3452 1882 3511 alia
1915 3452 2299 3513 difficultate.
2394 3452 2561 3514 Item
2604 3460 3054 3514 concesserunt
3097 3453 3242 3514 dicti

793 3555 978 3625 civeS,
1008 3575 1122 3634 pro
1151 3576 1219 3615 se
1247 3561 1311 3615 et
1339 3555 1671 3617 heredibus
1701 3556 1833 3617 suis
1860 3558 2158 3636 predictis
2186 3558 2522 3637 Episcop0,
2554 3558 2810 3619 Decano
2840 3565 2905 3618 et
2940 3558 3247 3638 capitulo,

791 3666 856 3721 et
925 3660 1388 3721 successoribus
1458 3660 1606 3732 suis,
1673 3662 1843 3741 quod
1910 3667 2286 3723 mercatores
2355 3668 2645 3724 tenentes
2713 3664 2790 3724 de
2860 3663 3063 3725 feodis
3126 3664 3255 3725 suis

792 3774 1120 3829 manentes
1161 3768 1228 3827 in
1269 3766 1434 3829 villis
1476 3769 1552 3829 de
1595 3768 1964 3849 Bromyard,
2012 3769 2359 3849 Ledebury,
2396 3770 2544 3841 Rea,
2588 3776 2653 3831 et
2694 3771 3019 3842 Prestone,
3064 3772 3253 3832 libere

793 3881 1007 3936 emant
1049 3876 1115 3934 in
1157 3875 1409 3937 civitate
1449 3877 1747 3955 predicta,
1794 3878 1958 3938 sicut
2002 3884 2149 3938 ante
2191 3878 2379 3939 istam
2422 3880 2817 3940 concordiam
2861 3877 3069 3939 facere
3110 3900 3253 3941 con-

795 3986 1170 4052 sueverunt;
1229 3982 1318 4041 ita
1372 3982 1538 4062 quod
1587 4003 1700 4061 pro
1749 3984 2205 4044 marchandisis
2256 3984 2386 4044 suis
2436 3984 2632 4063 quieti
2694 3984 2823 4045 sint
2886 3984 2965 4045 de
3014 3984 3257 4045 tolneto

794 4091 858 4147 et
899 4086 1190 4147 omnibus
1233 4086 1370 4148 aliis
1412 4088 1863 4150 exaccionibus.
1948 4089 2113 4149 Item
2155 4089 2419 4169 predicti
2462 4090 2817 4169 Episcopus
2857 4096 2921 4150 et
2958 4091 3255 4152 Decanus

791 4197 856 4253 et
912 4192 1272 4272 Capitulum
1328 4199 1790 4267 concesserunt,
1841 4216 1955 4274 pro
2013 4216 2081 4256 se
2136 4199 2201 4256 et
2257 4195 2721 4256 successoribus
2784 4196 2933 4266 suis,
2985 4198 3158 4275 quod
3217 4216 3255 4256 a

792 4298 893 4361 die
933 4319 1058 4379 quo
1100 4300 1216 4361 hec
1258 4301 1589 4361 concordia
1627 4300 1794 4361 iacta
1836 4301 1955 4361 fuit
2003 4301 2393 4381 inposterum
2441 4301 2636 4361 nichil
2686 4303 2765 4363 ad
2813 4322 2881 4363 se
2930 4303 3253 4363 attrahent

792 4407 868 4466 de
917 4405 1098 4466 feodo
1148 4406 1404 4466 Domini
1453 4406 1661 4486 Regis,
1709 4413 1805 4468 set
1856 4408 2137 4468 contenti
2186 4413 2370 4467 erunt
2420 4407 2497 4468 de
2540 4408 2722 4468 terris
2764 4413 2828 4468 et
2870 4410 3249 4469 tenementis

791 4523 911 4583 que
958 4502 1313 4563 habuerunt
1369 4509 1515 4563 ante
1570 4505 1760 4565 istam
1816 4504 2213 4571 concordiam
2276 4504 2341 4564 in
2398 4504 2651 4565 civitate
2704 4503 2987 4584 predicta
3045 4506 3244 4585 inper-

789 4606 1069 4680 petuum.
1170 4600 1258 4659 Et
1299 4600 1354 4661 si
1395 4602 1718 4681 contingat
1760 4602 2047 4663 decetero
2096 4602 2368 4682 aliquem
2410 4601 2487 4661 de
2526 4602 2825 4682 predictis
2868 4602 3109 4663 civibus
3150 4602 3245 4663 vel

788 4716 1004 4759 eorum
1044 4696 1396 4769 heredibus,
1431 4699 1529 4759 vel
1572 4699 1650 4759 de
1691 4698 1830 4759 aliis
1872 4700 1979 4779 qui
2023 4706 2282 4759 manent
2324 4705 2499 4759 extra
2539 4700 2858 4760 civitatem
2902 4704 2967 4760 et
3008 4700 3240 4760 habent

787 4800 1150 4857 tenementa
1189 4793 1352 4854 infra
1392 4796 1654 4856 eandem
1697 4796 1774 4857 de
1824 4796 2006 4857 feodo
2055 4796 2313 4856 Domini
2364 4796 2571 4875 Regis,
2614 4797 2929 4857 redditum
2970 4797 3241 4876 aliquem

785 4893 989 4973 legare
1057 4892 1316 4953 ecclesie
1386 4892 1743 4954 Cathedrali
1814 4893 2261 4955 Herefordensi
2331 4894 2408 4955 de
2477 4893 2855 4955 tenementis
2918 4894 3050 4955 suis
3118 4913 3237 4974 que
