3619 5868
1205 457 1505 538 Episcopi
1558 458 1633 518 H
1627 459 2040 539 erefordensis.
2733 462 2853 523 305

390 679 705 742 Robertus
747 681 824 742 de
860 681 1171 753 Totitone,
1201 682 1555 743 Willelmus
1596 683 1814 753 Ruter,
1859 683 2059 745 Adam
2101 685 2178 745 de
2223 685 2574 765 Stwochpe‚
2617 687 2854 749 winol-

392 806 537 848 mus
606 787 685 848 de
754 788 1091 867 Marcleya,
1161 788 1467 849 Ricardus
1536 788 1614 848 de
1681 788 1956 861 Bibefor,
2019 789 2060 850 J
2062 791 2344 853 ohannes
2406 792 2483 853 de
2545 792 2856 872 Glasleye‚

393 894 437 955 J
438 895 721 956 ohannes
762 896 840 956 de
883 894 1254 975 Laynthole,
1297 894 1653 956 Willelmus
1695 896 1928 956 Rector
1968 896 2044 957 de
2099 897 2462 977 Pykesleye.

557 1103 1060 1165 Sunnerom.—-

387 1246 431 1307 J
430 1247 597 1307 urati
640 1266 828 1327 super
869 1246 1202 1307 sufficienti
1243 1245 1447 1307 titulo.

394 1355 588 1436 Hugo
630 1356 707 1415 de
750 1354 945 1416 Clone
986 1354 1065 1413 ad
1106 1353 1363 1414 titulum
1405 1354 1766 1433 patrimonii
1808 1354 1908 1415 sui
1949 1358 2014 1415 et
2056 1354 2385 1416 servicium
2422 1356 2620 1416 Beate
2659 1356 2860 1417 Marie

799 1461 875 1521 de
919 1460 1131 1531 Glone,
1172 1460 1252 1520 ad
1292 1460 1461 1539 quod
1502 1464 1902 1539 presentatur
1941 1480 2054 1540 per
2093 1460 2508 1540 parochianos
2548 1461 2763 1541 ipsius.

390 1568 431 1629 J
433 1568 717 1629 ohannes
758 1566 836 1628 de
878 1566 1222 1646 Bygetone,
1266 1566 1346 1626 ad
1388 1565 1642 1626 titulum
1687 1566 1785 1626 sui
1826 1566 2204 1645 patrimonii.

394 1675 588 1754 Hugo
647 1674 724 1735 de
783 1673 967 1745 Gaas,
1012 1673 1091 1733 ad
1149 1672 1405 1733 titulum
1464 1673 1561 1733 sui
1619 1672 1999 1752 patrimonii,
2043 1673 2210 1752 quod
2267 1673 2458 1734 habet
2513 1694 2626 1754 per
2681 1674 2858 1735 testi-

796 1778 1080 1839 monium
1122 1777 1363 1839 Decani
1403 1779 1481 1838 de
1524 1777 1986 1857 Pauncesbury.

388 1886 745 1949 Willelmus
786 1886 863 1947 de
906 1885 1119 1956 Clona,
1164 1885 1243 1945 ad
1284 1885 1538 1945 titulum
1581 1886 1962 1964 patrimonii.

399 1993 739 2073 Gregorius
795 1993 871 2053 de
928 1992 1275 2063 Lodelawe,
1318 1992 1397 2052 ad
1452 1992 1707 2052 titulum
1764 1992 1862 2053 sui
1917 1992 2296 2072 patrimonii,
2338 1994 2507 2073 quod
2553 1994 2744 2056 habet
2784 2014 2860 2056 ex

803 2098 1166 2159 testimonio
1210 2098 1449 2159 Decani
1489 2097 1610 2159 loci
1652 2103 1715 2159 et
1756 2098 2167 2178 plurimorum
2211 2100 2492 2160 aliorum.

392 2206 701 2267 Ricardus
764 2206 841 2266 de
903 2205 1271 2275 Erdintone‚
1333 2204 1596 2284 juratus,
1655 2205 1732 2265 ad
1788 2204 2046 2264 titulum
2103 2205 2199 2266 sui
2254 2205 2634 2285 patrimonii,
2691 2206 2858 2286 quod

798 2310 990 2372 habet
1030 2331 1143 2390 per
1182 2309 1614 2371 testimonium
1658 2310 1924 2370 duorum
1963 2311 2332 2390 juratorum,
2375 2312 2680 2383 videlicet,
2725 2312 2859 2374 Ade

799 2418 876 2478 de
944 2416 1293 2496 Tuggeford
1377 2421 1441 2477 et
1524 2416 1804 2487 Henrici,
1877 2416 2116 2477 Fratris
2199 2416 2553 2497 Hospitalis
2640 2418 2854 2479 Sancti

798 2523 1109 2584 Leonardi
1164 2522 1241 2583 de
1297 2522 1564 2603 Brugge,
1607 2522 2089 2603 capellanorum.

394 2629 751 2691 Willelmus
807 2629 976 2689 Berd
1032 2628 1109 2689 de
1158 2628 1506 2708 Ledebury,
1556 2649 1684 2690 non
1737 2629 2002 2708 juratuS,
2046 2630 2125 2689 ad
2179 2629 2436 2690 titulum
2491 2651 2680 2710 quem
2737 2631 2858 2693 sibi

798 2735 971 2796 dedit
1032 2734 1405 2805 willelmus,
1468 2734 1755 2796 Vicarius
1825 2735 1903 2795 de
1965 2735 2353 2815 Bromyard;
2417 2736 2526 2817 qui
2587 2737 2856 2799 vicarius

796 2839 1156 2920 repromisit
1196 2839 1718 2919 indempnitatem
1762 2839 2021 2899 Domini
2063 2860 2207 2900 cum
2249 2846 2659 2903 sacramento.

389 2947 432 3010 J
434 2949 716 3010 ohannes
784 2948 862 3009 de
932 2948 1145 3018 Clone,
1209 2947 1414 3008 dictus
1478 2946 1749 3026 Keydor‚
1815 2948 1892 3008 ad
1954 2947 2211 3008 titulum
2268 2948 2629 3027 patrimonii
2688 2951 2856 3029 quod

799 3054 989 3116 habet
1037 3075 1149 3134 per
1196 3054 1629 3115 testimonium
1678 3054 1945 3115 duorum
1989 3053 2443 3134 fidedignorum
2486 3056 2853 3135 juratorum.

390 3161 747 3223 Willelmus
803 3161 880 3222 de
936 3160 1223 3240 Yarepol,
1268 3160 1348 3220 ad
1402 3159 1657 3220 titulum
1712 3159 2074 3239 patrimonii
2131 3160 2247 3232 sui,
2290 3161 2470 3240 cujus
2525 3161 2708 3224 heres
2756 3167 2856 3224 est

792 3271 857 3328 et
898 3266 1096 3346 ipsius
1137 3272 1375 3327 cartam
1417 3265 1715 3327 exhibuit.

389 3372 592 3434 Adam
634 3372 804 3433 Bard
847 3373 923 3433 de
966 3371 1297 3442 Redeford,
1340 3371 1420 3431 ad
1460 3370 1717 3432 titulum
1766 3371 2181 3433 sufficientem
2221 3393 2406 3453 quem
2451 3373 2745 3446 ostendit,
2788 3379 2854 3436 et

792 3497 903 3558 per
944 3476 1377 3538 testimonium
1418 3476 1849 3556 plurimorum.

394 3583 755 3664 Stephanus
812 3584 889 3645 de
948 3583 1382 3655 Monemutha,
1432 3583 1540 3663 qui
1598 3582 1877 3663 prestitit
1939 3590 2402 3645 sacramentum
2464 3586 2630 3662 quod
2692 3585 2853 3648 infra

796 3688 1119 3750 biennium
1162 3689 1419 3749 intrabit
1460 3689 1848 3769 Religionem
1893 3689 2142 3762 ibidem,
2186 3691 2265 3750 ad
2311 3693 2852 3771 presentacionem

792 3794 1027 3855 Prioris
1068 3793 1188 3856 loci
1230 3794 1531 3874 ejusdem.

390 3902 746 3964 Willelmus
803 3901 881 3962 de
939 3900 1475 3980 Bysshopestone‚
1532 3902 1611 3962 ad
1667 3901 1924 3962 titulum
1984 3908 2443 3982 competentem
2500 3924 2689 3984 quem
2750 3924 2850 3966 ex-

794 4007 1017 4079 hibuit,
1062 4013 1126 4068 et
1181 4007 1459 4087 prestitit
1514 4014 1979 4069 sacramentum
2021 4009 2189 4088 quod
2243 4008 2420 4069 illum
2475 4010 2674 4070 credit
2713 4030 2852 4072 esse

796 4114 1209 4176 sufficientem
1252 4114 1332 4174 ad
1374 4114 1907 4175 sustentacionem
1948 4113 2416 4175 sacerdotalem.

384 4221 693 4282 Ricardus
735 4220 813 4280 de
855 4218 1123 4290 Kouera,
1166 4219 1246 4279 ad
1300 4219 1840 4299 presentacionem
1895 4219 2416 4299 parochianorum
2456 4221 2536 4282 de
2580 4221 2849 4295 Kouera,

792 4325 1083 4388 videlicet
1123 4325 1351 4405 Rogeri
1392 4326 1451 4387 16
1492 4325 1709 4388 Venur
1749 4331 1815 4386 et
1856 4325 2084 4405 Rogeri
2124 4325 2183 4386 le
2225 4325 2514 4387 Fremon.

389 4433 699 4495 Ricardus
755 4433 832 4494 de
889 4432 1323 4503 Monemutha,
1365 4432 1609 4511 juratus
1666 4451 1856 4511 super
1909 4431 2094 4493 titulo
2143 4431 2241 4493 sui
2282 4431 2644 4511 patrimonii
2684 4433 2853 4513 quod

787 4538 1050 4618 optinet.

383 4645 692 4706 Ricardus
734 4645 812 4706 de
853 4644 1198 4716 Bodeham‚
1242 4644 1321 4703 ad
1362 4643 1617 4704 titulum
1660 4663 1849 4723 quem
1891 4642 2189 4704 exhibuit.

390 4751 607 4814 Simon
650 4752 727 4813 de
769 4751 1149 4831 Midelhope,
1190 4751 1437 4830 juratus
1478 4770 1665 4830 super
1704 4749 1908 4810 titulo.

386 4857 707 4920 Gilbertus
749 4857 826 4918 de
870 4857 1102 4918 Sancto
1142 4857 1349 4928 Petro,
1390 4856 1636 4936 juratus
1678 4875 1866 4936 super
1907 4854 2093 4916 titulo
2134 4855 2534 4936 competenti.
