3619 5868
483 1140 580 1181 1201.
607 1141 702 1181 24b.

795 588 874 647 '76
1260 615 1263 618 ·
1425 590 1781 668 Reqistrwm
1839 592 2059 652 Thome
2110 592 2186 653 de
2246 593 2579 673 Cantilupo

797 812 956 873 Writ
1001 821 1057 873 ιο
1089 813 1184 873 the
1227 814 1466 893 Sherzff
1484 815 1554 895 os
1590 816 2059 893 Herefordshire
2102 824 2159 877 ιο
2196 817 2460 896 produce
2488 817 2559 877 in
2596 817 2785 878 Com-t
2824 818 2921 879 the
2950 818 3265 897 poan-hers

1032 900 1102 953 in
1144 894 1241 954 the
1276 896 1466 974 parles
1510 902 1576 955 αι
1621 897 1893 974 Squas,
1938 897 2209 969 Golwall,
2248 898 2555 976 Ledbury,
2594 899 2721 958 and
2770 899 2989 979 Upton,
3026 898 3267 961 named

1031 976 1104 1035 in
1147 976 1242 1035 the
1281 976 1514 1037 verdict
1555 977 1624 1057 of
1661 978 1758 1038 the
1789 978 1960 1055 jury.

950 1130 1193 1190 Placita
1235 1149 1446 1191 coram
1487 1130 1527 1192 J
1531 1132 1870 1192 usticiariis
1919 1133 2177 1194 Domini
2224 1134 2433 1215 Regis,
2486 1154 2524 1195 a
2570 1135 2670 1196 die
2726 1135 2970 1197 Pasche
3011 1136 3076 1195 in
3120 1142 3273 1197 tres

790 1237 1195 1315 septimanae,
1239 1237 1528 1299 videlicet
1571 1258 1782 1299 coram
1828 1239 2017 1319 Rege.

951 1392 1420 1457 Hsssroanu:
1496 1413 1581 1455 mr
1658 1396 2635 1465 1NQtJ1s101omst1s.—Dominus
2712 1398 2847 1458 Rex
2918 1398 3261 1458 mandavit

785 1500 1154 1563 vicecomiti
1199 1501 1567 1563 Herefordis
1607 1502 1774 1581 quod
1816 1521 1927 1579 per
1969 1508 2436 1564 sacramentum
2477 1496 2813 1583 proborum
2850 1510 2913 1565 et
2946 1504 3261 1582 legalium

783 1608 1111 1669 hominum
1173 1607 1251 1668 de
1315 1608 1636 1669 Comitatu
1703 1607 2074 1669 Herefordie
2135 1628 2247 1688 per
2300 1627 2477 1688 quos,
2536 1615 2680 1679 etc..
2738 1608 3075 1689 inquireret
3132 1608 3263 1689 qui

781 1714 1218 1775 malefactores
1260 1722 1542 1793 tempore
1583 1714 1940 1775 vacacionis
1982 1714 2382 1793 episcopatus
2420 1716 2684 1795 predicti
2721 1715 2981 1776 fecerint
3019 1716 3259 1794 damp-

782 1840 934 1880 num
978 1820 1109 1880 sive
1152 1819 1650 1880 destruccionem
1691 1820 1758 1879 in
1799 1820 2005 1899 parcis
2046 1819 2123 1881 de
2165 1820 2445 1899 Sugwas,
2488 1820 2841 1891 Golewalle,
2888 1820 3258 1900 Ledebury,

781 1930 845 1987 et
928 1926 1198 2004 Uptone.
1314 1926 1400 1986 Et
1469 1924 1835 1987 Vicecomes
1918 1925 2067 1986 fecit
2135 1925 2601 2005 inquisiciones,
2672 1945 2831 2006 quas
2901 1926 3265 1987 retornavit

781 2048 993 2091 coram
1036 2029 1075 2089 J
1082 2028 1415 2090 usticiariis
1469 2030 1726 2090 Domini
1771 2030 1980 2110 Regis,
2026 2050 2065 2091 a
2108 2030 2207 2091 die
2250 2030 2495 2092 Pasche
2537 2032 2603 2091 in
2656 2038 2783 2092 tres
2830 2031 3253 2109 septimana-s,

781 2135 1070 2197 videlicet
1104 2135 1181 2196 de
1215 2136 1817 2215 transgressionibus
1856 2136 2038 2197 factis
2082 2138 2145 2197 in
2189 2138 2393 2215 parcis
2436 2136 2513 2196 de
2561 2137 2836 2215 Sugwns,
2885 2136 3254 2215 Ledebury,

783 2240 1132 2315 Golewesse,
1191 2248 1255 2302 et
1307 2243 1601 2321 Uptone;
1663 2262 1775 2322 per
1830 2262 1990 2323 quas
2051 2252 2413 2323 preceptum
2469 2243 2588 2303 fuit
2643 2243 3012 2304 Vicecomiti
3069 2243 3257 2323 quod

781 2354 1032 2427 caperet
1059 2366 1319 2427 corpora
1349 2348 1824 2410 malefactorum
1852 2350 1939 2409 ita
1981 2349 2149 2430 quod
2190 2350 2449 2411 haberet
2492 2368 2754 2429 corpora
2795 2368 3005 2409 coram
3050 2349 3255 2427 Rege,

785 2472 824 2513 a
864 2453 965 2514 die
1010 2454 1243 2515 Sancte
1291 2454 1618 2514 Trinitatis
1661 2454 1729 2514 in
1770 2474 1853 2514 xv
1894 2453 2047 2515 dies.

785 2726 1050 2786 Similar
1087 2725 1230 2785 writ
1275 2734 1331 2786 ιο
1375 2727 1472 2786 the
1515 2726 1755 2805 Sherzff
1788 2728 1859 2806 of
1902 2727 2410 2787 Worcestcrshire.

943 2884 1340 2946 Wrooama:
1387 2901 1474 2945 mr
1516 2882 2354 2955 QOs1o1omBus.-Idem
2394 2882 2582 2946 breve
2622 2882 2687 2944 in
2718 2883 3038 2945 Comitatu
3088 2883 3244 2964 Wy·

781 2989 995 3069 gornie
1035 2996 1424 3051 retornatum
1467 2989 1548 3052 ad
1591 2989 1859 3051 eundem
1902 2989 2089 3062 diem,
2135 3001 2205 3051 ut
2247 2997 2424 3070 patet
2467 2989 2635 3052 alibi.
2722 2991 2926 3066 Quere
2968 3011 3078 3071 per
3119 2992 3253 3053 hoc

783 3096 1053 3176 siguum¹

785 3377 988 3438 Grant
1027 3376 1097 3456 of
1144 3397 1184 3436 a
1230 3396 1535 3454 messuaqe
1589 3377 1662 3436 in
1715 3377 1873 3436 Ross
1932 3383 1988 3436 to
2044 3375 2260 3453 Henry
2308 3375 2381 3434 de
2436 3375 2630 3446 Lacu,
2674 3381 2741 3434 αι
2782 3395 2823 3434 a
2863 3373 3252 3452 rent-chamo

1024 3458 1094 3537 of
1129 3465 1346 3536 twenty
1389 3457 1574 3518 silver
1607 3457 1879 3536 pennics.

943 3612 1158 3674 Cum
1219 3611 1508 3673 Hmunm
1564 3630 1650 3673 mr
1695 3612 2294 3674 hom—Omnibus
2337 3612 2570 3674 Christi
2618 3612 2910 3674 fidelibus
2950 3612 3036 3674 ad
3074 3631 3243 3692 quos

779 3741 1038 3802 presens
1079 3723 1390 3801 scriptura
1429 3724 1772 3801 perveniet,
1820 3720 2117 3793 ThomaS,
2161 3727 2281 3782 eto.
2369 3721 2428 3781 N
2433 3720 2687 3783 overitis
2727 3740 2844 3782 nos
2887 3721 3133 3782 dedisse
3178 3727 3247 3782 et

779 3831 1184 3900 concessisse,
1227 3835 1292 3888 et
1348 3827 1468 3888 hac
1522 3827 1798 3906 presenti
1854 3835 2029 3888 carta
2084 3833 2301 3888 nostra
2355 3827 2779 3900 confirmasse,
2824 3827 3103 3887 Hsnrico
3162 3826 3247 3890 de

781 3933 974 4005 Lacu,
1025 3952 1138 4012 pro
1186 3933 1448 3993 servicio
1496 3951 1630 4004 su0,
1679 3951 1875 3992 unum
1926 3932 2313 4011 mesuagium
2356 3951 2499 3993 cum
2548 3932 2955 4012 pertinenciis
2996 3932 3130 3993 suis
3172 3933 3245 3994 in

779 4039 927 4101 villa
967 4039 1045 4100 de
1088 4039 1237 4109 Ros,
1266 4039 1482 4117 jacens
1510 4037 1796 4100 videlicet
1833 4038 1999 4099 inter
2028 4038 2425 4118 curtilagium
2454 4037 2534 4098 ad
2562 4038 2912 4099 manerium
2946 4047 3241 4098 nostrum

777 4145 856 4208 de
911 4147 1040 4207 Ros
1094 4145 1416 4226 pertinens
1471 4151 1535 4206 et
1589 4145 1826 4224 regiam
1878 4145 2045 4205 viam
2101 4144 2434 4205 ducentem
2485 4163 2702 4205 versus
2752 4143 3114 4223 passagium
3158 4143 3243 4204 de

781 4253 1117 4332 Wyltone3
1169 4252 1340 4332 quod
1378 4253 1660 4312 continet
1701 4252 1767 4311 in
1809 4250 2197 4330 longitudine
2240 4250 2412 4330 xlviij
2456 4251 2649 4330 pedes
2688 4257 2752 4312 et
2792 4250 2857 4311 in
2900 4249 3243 4311 latitudine

781 4381 906 4420 xxx
946 4359 1179 4440 pedes;
1224 4359 1564 4420 tenendum
1608 4367 1670 4420 et
1712 4358 2073 4420 habendum
2116 4358 2235 4419 sibi
2278 4367 2342 4419 et
2386 4356 2722 4420 heredibus
2764 4359 2913 4430 suis,
2960 4359 3060 4418 vel
3100 4359 3239 4419 suis

779 4466 1136 4544 assignatiS,
1181 4465 1258 4526 de
1313 4464 1494 4526 nobis
1534 4472 1598 4526 et
1640 4463 2105 4526 successoribus
2146 4464 2377 4525 nostris
2420 4463 2485 4523 in
2528 4464 2712 4524 feodo
2754 4471 2818 4524 et
2861 4462 3237 4538 hereditate,

775 4570 968 4632 libere
1019 4577 1083 4632 et
1139 4571 1367 4652 quiete,
1433 4570 1591 4631 bene
1647 4576 1710 4631 et
1762 4570 1830 4630 in
1882 4589 2057 4650 pace,
2122 4569 2188 4630 in
2239 4569 2536 4631 omnibus
2590 4571 2778 4630 rebus
2842 4579 2908 4631 et
2963 4570 3115 4631 locis
3172 4577 3241 4632 et

777 4676 1173 4738 libertatibus
1239 4676 1306 4736 in
1373 4683 1768 4756 perpetuum.
1882 4673 2227 4736 Reddendo
2302 4673 2449 4736 inde
2517 4674 2847 4736 annuatim
2923 4675 3104 4735 nobis
3174 4681 3243 4738 et

777 4783 1238 4844 successoribus
1306 4783 1536 4843 nostris
1603 4782 1738 4862 ipse
1806 4789 1871 4842 et
1942 4781 2202 4842 heredes
2260 4781 2377 4853 sui,
2443 4780 2544 4841 vel
2604 4779 2907 4859 assignati
2971 4780 3088 4854 sui,
3154 4800 3241 4841 xx

777 4887 1066 4949 denarios
1124 4887 1364 4967 argenti
1421 4886 1502 4948 ad
1559 4893 1831 4968 quatuor
1888 4886 2193 4948 terminos
2258 4889 2409 4947 anni
2462 4887 2529 4946 in
2585 4886 2735 4948 villa
2787 4888 2865 4947 de
2920 4887 3048 4946 Bos
3088 4905 3237 4947 con·

874 5025 1098 5071 1—Space
1123 5035 1224 5064 was
1252 5021 1338 5064 left
1363 5023 1577 5070 opposite
1601 5025 1653 5065 to
1677 5023 1778 5065 this
1804 5022 1880 5065 for
1905 5036 1935 5067 a
1959 5023 2121 5066 device
2146 5027 2197 5065 to
2225 5023 2280 5066 be
2306 5023 2486 5070 drawn.
2514 5023 2600 5066 but
2627 5023 2665 5072 it
2690 5035 2794 5067 was
2820 5027 2903 5066 not
2930 5022 3053 5065 filled
3080 5035 3158 5070 up.
