3619 5868
506 3413 602 3454 Fol.
636 3415 694 3453 16.

821 557 900 618 42
1215 628 1219 633 .
1467 557 1825 635 Reqistrum
1882 555 2101 617 Thome
2153 556 2227 617 de
2299 556 2630 634 Cantilupo

819 782 1170 861 sollempni,
1202 802 1312 857 per
1340 800 1536 841 unum
1567 800 1800 841 annum
1831 780 1897 841 in
1932 782 2174 860 Anglia,
2204 781 2303 842 vel
2331 801 2443 861 per
2469 781 2627 841 duos
2657 800 2855 841 annos
2898 781 2963 839 in
2993 780 3288 859 partibus

820 888 1182 951 Gallicanis.
1272 888 1511 949 Datum
1541 888 1710 966 apud
1741 887 2047 948 Wenlake
2076 888 2181 966 vii]
2217 886 2370 947 Idus
2406 886 2639 947 Marcii.

817 1093 1002 1172 Fifth
1052 1094 1220 1153 letter
1272 1100 1328 1153 to
1377 1092 1701 1170 Llewelyn,
1753 1092 1977 1153 Princo
2022 1094 2091 1172 of
2140 1092 2355 1162 Wales,
2405 1092 2627 1169 urqinq
2674 1092 3029 1152 ‘restim-tion
3073 1092 3145 1170 of
3188 1091 3293 1151 the

1066 1174 1226 1234 three
1253 1173 1523 1250 villaqu,
1555 1174 1680 1232 and
1708 1173 1984 1252 refusing]
2016 1181 2073 1233 to
2102 1181 2305 1234 assent
2335 1180 2393 1233 to
2438 1173 2534 1232 the
2567 1173 2865 1252 proposed
2907 1173 3163 1251 inqui-ry
3208 1173 3291 1250 by

1061 1262 1334 1315 servants
1364 1256 1434 1334 os
1466 1254 1564 1314 the
1591 1254 1832 1314 Prinos.

979 1384 1280 1444 Pn1Nc11>1
1337 1384 1965 1444 Wsnnm.—Illustri
2020 1384 2173 1456 vir0,
2231 1383 2508 1445 Domino
2577 1384 2904 1462 L[eulino]
2930 1430 2945 1455 ,
3003 1383 3291 1463 Principi

818 1488 1046 1549 Wallie
1069 1495 1131 1549 et
1156 1488 1428 1549 Domino
1453 1488 1830 1561 Snaudonie,
1856 1490 2151 1561 Thomas,
2176 1496 2320 1561 etc„
2346 1490 2637 1561 salutem,
2662 1498 2783 1549 etc.
2876 1490 3290 1551 Meminimus

817 1613 935 1655 nos
963 1594 1300 1673 prudencie
1323 1603 1530 1656 vestre
1559 1614 1748 1673 super
1773 1595 2183 1657 restitucione
2212 1595 2532 1666 Ghestroc,
2559 1596 2816 1663 Astone‚
2840 1604 2905 1655 et
2938 1596 3287 1668 Moletone,

817 1701 1106 1763 villarum
1149 1700 1230 1762 ad
1274 1702 1568 1763 Castrum
1609 1709 1895 1762 nostrum
1940 1702 2018 1761 de
2068 1701 2533 1781 Nortledebury
2574 1701 3055 1781 pertinencium,
3102 1700 3291 1762 nobis

817 1813 882 1868 et
928 1806 1376 1868 Herefordensi
1421 1807 1704 1867 Ecclesie
1748 1807 2055 1879 facienda,
2101 1812 2353 1867 nostras
2396 1807 2643 1869 litteras
2685 1807 2920 1886 pluries
2954 1808 3287 1868 direxisse.

815 1912 946 1973 Vos
988 1920 1200 1972 autem
1245 1931 1444 1991 nuper
1470 1918 1713 1972 vestras
1755 1912 2001 1973 litteras
2042 1911 2411 1972 destinastis
2448 1913 2614 1972 inter
2642 1917 2854 1971 cetera
2882 1912 3291 1972 continentes

815 2018 984 2099 quod
1039 2018 1388 2078 Ecclesiam
1447 2025 1749 2088 nostram,
1809 2034 1923 2077 seu
1979 2017 2192 2087 aliam,
2240 2016 2423 2077 terris
2465 2024 2577 2078 aut
2626 2017 2806 2078 bonis
2857 2016 2996 2077 aliis
3045 2016 3291 2096 liquido

814 2124 1271 2203 pertinentibus
1317 2122 1397 2183 ad
1440 2122 1692 2183 easdem
1723 2142 1850 2183 non
1888 2124 2237 2202 proponitis
2266 2123 2535 2203 spoliare
2564 2144 2678 2184 nec
2708 2123 2941 2202 injuste
2972 2132 3293 2202 occupata

816 2229 1136 2301 detinere;
1189 2230 1354 2309 quod
1397 2228 1645 2310 quidem
1698 2248 2067 2309 responsum
2116 2238 2365 2310 gratum
2415 2230 2791 2291 haberemus
2834 2230 3171 2290 admodum
3217 2238 3289 2289 et

817 2346 1169 2414 acceptum,
1201 2338 1254 2396 si
1301 2335 1551 2414 scriptis
1597 2334 1766 2395 facta
1806 2342 2016 2396 vestra
2047 2335 2237 2397 vellet
2280 2335 2578 2397 nobilitas
2622 2353 3050 2413 compensare,
3100 2334 3286 2395 resti-

818 2440 1052 2501 tuendo
1098 2440 1277 2501 nobis
1320 2446 1383 2500 et
1438 2446 1648 2500 nostre
1705 2440 1994 2501 Ecclesie
2050 2440 2253 2501 dictas
2301 2440 2502 2512 villas,
2554 2441 2717 2501 sicut
2764 2459 2965 2519 nuper
3021 2440 3283 2501 domino

815 2546 1130 2625 Episcopo
1183 2545 1520 2607 Assavensi
1569 2546 1734 2607 bona
1783 2554 1847 2606 et
1887 2546 2031 2625 jura
2071 2566 2193 2627 que
2235 2546 2639 2607 abstuleratis
2690 2526 2771 2606 ab
2820 2566 2896 2607 eo
2944 2546 3289 2606 liberaliter·

813 2652 976 2713 sicut
1033 2652 1242 2713 decuit
1297 2651 1679 2723 reddidistis,
1739 2652 2411 2713 excommunicacionis
2482 2652 2774 2733 laqueum
2839 2652 3280 2713 formidantes.

815 2756 979 2832 Quia
1021 2777 1166 2819 vero
1209 2758 1273 2817 in
1316 2758 1540 2818 vestris
1575 2757 1805 2817 litteris
1848 2758 2172 2836 adjecistis
2214 2758 2381 2838 quod
2422 2778 2533 2838 per
2562 2765 2821 2831 vestros,
2852 2760 3165 2840 aliquibus
3198 2760 3284 2820 de

813 2866 1045 2925 nostris
1067 2863 1484 2944 presentibus,
1508 2864 1905 2945 inquireretis
1927 2883 2115 2943 super
2135 2864 2321 2925 dictis
2344 2864 2509 2926 villis
2536 2863 2814 2944 plenarie
2839 2865 3185 2938 veritatem,
3214 2872 3285 2926 et

810 2979 1031 3053 postea
1059 2970 1348 3032 faceretis
1393 2970 1561 3050 quod
1606 2978 1774 3031 esset
1822 2970 2171 3030 secundum
2201 2971 2406 3032 Deum
2438 2976 2500 3032 et
2526 2971 2847 3049 justiciam
2876 2971 3238 3032 faciendum
3264 2991 3282 3045 ;

813 3097 930 3139 nec
973 3076 1264 3138 volumus
1312 3096 1430 3137 nec
1471 3077 1609 3156 jure
1651 3068 2022 3154 prohibente
2078 3095 2413 3156 possumus
2466 3077 2864 3157 inquisicioni
2914 3077 3287 3156 hujusmodi

813 3201 1160 3262 supponere
1216 3182 1358 3260 jura
1412 3187 1650 3253 nostra,
1711 3189 1808 3243 set
1856 3183 2164 3244 habentes
2202 3202 2332 3262 ,pro
2376 3188 2549 3244 certo
2598 3183 2761 3244 sicut
2816 3203 2979 3244 novo
3036 3185 3284 3245 homini

813 3289 970 3350 scire
1011 3288 1109 3349 fas
1151 3294 1266 3359 est,
1311 3294 1376 3348 et
1419 3288 1578 3348 sicut
1637 3306 1748 3350 vos
1805 3294 2108 3369 tanquam
2166 3289 2477 3349 notorium
2537 3291 2697 3352 scire
2751 3289 3014 3360 debetis,
3074 3291 3285 3352 dictas

811 3395 992 3457 villas
1033 3393 1345 3474 pertinere
1388 3395 1465 3454 ad
1508 3404 1791 3454 nostram
1836 3394 2188 3455 Ecclesiam
2244 3394 2431 3474 pleno
2486 3396 2643 3474 jure,
2704 3415 2779 3456 ac
2826 3415 2938 3476 per
2980 3416 3093 3457 vos
3137 3416 3285 3458 csse

811 3501 1027 3563 illicite
1082 3506 1457 3580 occupatas;
1526 3501 1703 3562 vobis
1757 3511 1831 3561 ut
1886 3503 2061 3580 prius
2117 3503 2288 3562 omni
2344 3503 2700 3563 humilitate
2755 3524 2883 3584 qua
2937 3523 3282 3583 possumus

812 3607 1240 3686 supplicamus
1283 3605 1580 3686 quatinus
1624 3605 1828 3667 dictas
1878 3607 2057 3668 villas
2115 3606 2295 3666 nobis
2352 3615 2415 3667 et
2472 3607 2755 3668 Ecclesie
2804 3617 3019 3669 nostre
3067 3609 3282 3670 velitis

811 3713 1141 3773 restituere
1195 3731 1336 3771 cum
1401 3712 1647 3783 effectu,
1721 3731 1799 3772 ne
1870 3713 2195 3773 sentencia
2262 3713 2957 3786 excommunicacionis,
3028 3716 3094 3775 in
3164 3734 3279 3778 eos

811 3819 917 3901 qui
979 3817 1331 3879 Ecclesiam
1389 3818 1660 3897 spoliant
1715 3818 1856 3896 jure
1911 3838 2026 3879 suo
2082 3818 2336 3897 provide
2393 3820 2808 3898 promulgata,
2867 3828 2931 3880 et
3002 3840 3041 3881 a
3114 3821 3279 3882 Sede

812 3923 1174 4004 Apostolica
1221 3921 1592 3983 confirmata
1638 3941 1750 3982 vos
1806 3928 2019 3983 teneat
2065 3922 2548 4001 dampnabiliter
2596 3925 2901 4002 alligatos,
2962 3931 3026 3986 et
3070 3945 3149 3986 ne
3190 3926 3277 3987 ad

811 4028 1364 4092 denunciacionem
1407 4027 1606 4107 ipsius
1647 4028 1712 4087 in
1743 4033 2019 4090 vestram
2062 4049 2389 4108 personam
2436 4029 2787 4090 faciendam
2822 4033 3279 4110 compellamur

809 4136 1010 4197 inviti.
1124 4135 1210 4194 Et
1266 4135 1415 4215 quia
1468 4133 1534 4194 in
1589 4133 1874 4213 partibus
1930 4135 2069 4195 istis
2117 4155 2230 4215 per
2277 4135 2632 4214 quindecim
2682 4136 2815 4196 dies
2862 4139 3273 4216 proponimus

807 4241 1138 4314 demorari,
1170 4241 1378 4301 velitis
1409 4260 1596 4320 super
1631 4240 1815 4302 dictis
1858 4221 2022 4301 villis
2062 4241 2288 4302 vestris
2332 4241 2557 4302 litteris
2601 4241 2784 4302 aliter
2824 4241 3123 4303 letificare
3165 4262 3277 4304 cor

807 4354 1091 4410 nostrum
1121 4366 1310 4428 quam
1339 4347 1496 4407 illud
1524 4347 1832 4408 hactenus
1852 4346 2091 4407 factum
2116 4345 2197 4407 sit
2218 4366 2329 4426 per
2350 4355 2561 4408 vestra.
2582 4347 2885 4408 mandata
2904 4348 3267 4426 jocundum.

806 4454 1086 4516 Valeatis
1113 4453 1179 4512 in
1211 4453 1505 4514 Domino.
1593 4453 1835 4513 Datum
1866 4452 2032 4532 apud
2064 4452 2461 4514 Leministre.

806 4650 1272 4789 Menwrcgzduzn
1317 4649 1387 4728 of
1438 4649 1534 4708 the
1587 4655 1756 4726 yoats
1808 4649 1879 4708 in
1925 4648 2020 4709 the
2074 4649 2243 4710 wood
2293 4650 2364 4729 of
2412 4649 2776 4728 Brinkestye
2825 4651 2901 4730 by
2955 4651 3156 4730 Roqer
3200 4653 3274 4715 de

1111 4751 1207 4790 ves
1255 4750 1372 4790 am.

969 4864 1185 4925 cmm
1231 4863 1305 4923 R.
1354 4880 1441 4922 ns·
1487 4861 2401 4923 Evssfflu.—-Memorandum
2452 4861 2529 4922 de
2574 4861 2779 4941 capris
2836 4863 2913 4923 de
2958 4862 3149 4924 bosco
3190 4863 3270 4925 de

807 4970 1186 5048 Brinkestye
1214 4968 1295 5029 de
1323 4967 1578 5030 ballivis.
1604 4968 1682 5030 de
1710 4967 2065 5046 Bromyard
2091 4988 2204 5049 per
2233 4969 2288 5029 R
2308 4970 2609 5048 [ogerum]
2628 4968 2707 5029 de
2735 4968 3077 5031 Evesham.
