3619 5868
1194 465 1493 545 Episcopi
1546 466 1619 525 H
1614 465 2028 545 erefordensis.
2720 468 2840 527 289

377 693 596 755 cedule
680 698 860 754 tenor
942 693 1086 753 talis
1168 691 1695 771 est,—-Significat
1775 692 2110 753 Serenitati
2185 697 2392 753 vestre
2469 693 2848 753 Procurator

375 798 728 859 Reverendi
769 799 995 869 Patris,
1040 798 1297 859 Domini
1339 796 1651 879 A[niani],
1687 797 1987 877 Episcopi
2031 797 2417 869 Assavensis,
2447 798 2744 877 quatinus
2777 798 2844 858 in

375 924 569 965 causa
635 904 1080 983 appellacionis
1148 924 1261 965 seu
1330 903 1827 983 appellacionum
1904 903 2414 983 interpositarum
2484 923 2597 982 pro
2666 909 2844 983 parte

376 1012 635 1073 Domini
694 1011 1175 1073 Herefordensis
1231 1010 1549 1091 Episcopi,
1600 1031 1637 1071 a
1693 1010 2066 1089 quibusdam
2127 1010 2522 1091 processibus
2585 1011 2842 1072 Domini

378 1117 852 1179 Cantuariensis
908 1117 1394 1197 Archiepiscopi,
1438 1117 1603 1178 inter
1657 1116 1858 1177 dictas
1911 1120 2124 1195 partes
2179 1136 2217 1176 a
2275 1116 2433 1177 Sede
2485 1115 2846 1195 Apostolica

378 1224 419 1285 J
422 1223 621 1284 udicis
669 1223 953 1303 delegati,
984 1243 1172 1302 super
1209 1222 1649 1303 jurisdiccione
1690 1222 2082 1302 quorundam
2123 1227 2491 1291 castrorum,
2534 1221 2842 1295 villarum,

376 1334 444 1390 et
505 1329 768 1389 aliorum
831 1329 1110 1389 locorum
1179 1328 1310 1390 sive
1378 1334 1684 1389 terrarum
1754 1348 1828 1389 ac
1892 1327 2403 1407 jurisdiccionum
2476 1327 2848 1389 Assavensis

378 1435 663 1506 diocesis,
729 1435 876 1495 dare
938 1434 1057 1495 sibi
1119 1434 1462 1514 dignemini
1524 1434 1891 1505 auditorem,
1957 1434 2061 1514 qui
2126 1454 2379 1494 causam
2444 1453 2554 1495 seu
2623 1453 2847 1495 causas
2913 1458 2916 1461 ⁴

380 1540 823 1620 appellacionis
894 1560 1006 1601 seu
1074 1540 1572 1620 appellacionum
1634 1545 1699 1601 et
1760 1540 2002 1620 negocii
2063 1539 2424 1620 principalis
2486 1539 2716 1611 audiat,
2779 1545 2846 1601 et

376 1646 588 1707 debito
658 1647 783 1707 fine
852 1646 1116 1717 decidat,
1180 1646 1234 1707 si
1304 1666 1493 1707 causa
1556 1652 1654 1707 est
1716 1646 1781 1706 in
1854 1646 2058 1718 Curia,
2124 1646 2437 1707 Dominus
2506 1647 2842 1719 GerarduS,

381 1751 747 1812 Cardinalis.
852 1752 989 1831 Ego
1032 1753 1071 1814 J
1074 1752 1373 1823 ohanneS,
1438 1753 1755 1831 quondam
1797 1752 2080 1814 Oddonis
2139 1752 2425 1824 Blanchi,
2481 1752 2636 1813 civis
2693 1754 2843 1813 Par·

383 1857 637 1928 mensis,
671 1857 1030 1936 Apostolica
1062 1858 1435 1918 auctoritate
1477 1858 1776 1929 notarius,
1823 1858 1900 1919 de
1942 1858 2238 1919 mandato
2279 1858 2543 1937 predicti
2586 1857 2844 1919 Domini

382 1961 763 2033 Sabinensis,
830 1962 1241 2042 prescriptam
1298 1963 1803 2025 commissionem
1863 1964 1939 2024 de
1995 1970 2270 2043 regestro
2326 1964 2524 2043 ipsius
2586 1965 2847 2025 Domini

385 2067 749 2128 Sabinensis
791 2068 1157 2147 transcripsi
1206 2069 1283 2129 de
1324 2068 1513 2130 verbo
1568 2069 1647 2129 ad
1688 2068 1966 2141 verbum,
2009 2074 2074 2129 et
2122 2069 2188 2128 in
2229 2070 2543 2150 publicam
2577 2069 2843 2130 formam

272 2224 275 2229 .
380 2173 605 2252 redegi,
690 2193 955 2253 meoque
1037 2173 1221 2234 solito
1305 2174 1483 2254 signo
1566 2174 1827 2254 signavi,
1897 2196 2064 2236 anno
2147 2158 2514 2237 Nativitatis
2584 2177 2842 2237 Domini

384 2278 937 2350 M0000LXXX10,
982 2279 1344 2340 Indiccione
1385 2300 1570 2350 nona,
1635 2280 1733 2341 die
1774 2280 1880 2361 xiij
1926 2280 2163 2342 mensis
2211 2281 2386 2353 Maii,
2429 2282 2847 2343 Pontificatus

379 2384 637 2445 Domini
682 2384 942 2444 Martini
984 2386 1154 2465 Pape
1197 2386 1419 2459 Quarti
1460 2405 1626 2446 anno
1666 2386 1889 2466 primo.

381 2700 545 2762 John
570 2690 678 2761 “de
741 2701 919 2761 Clare
975 2700 1232 2781 informs
1292 2701 1389 2762 the
1446 2701 1641 2763 Abbot
1695 2702 1766 2781 os
1813 2701 2096 2781 Readi‘nq
2140 2704 2275 2764 that
2317 2703 2415 2763 the
2455 2704 2692 2783 Bislwp
2736 2704 2850 2765 has

621 2781 890 2842 received
950 2782 1047 2843 the
1104 2782 1322 2860 Kinq's
1384 2782 1553 2844 letter
1612 2782 1868 2861 brouqht
1926 2784 2001 2861 by
2061 2784 2157 2845 the
2211 2784 2455 2845 Abbot’s
2496 2805 2846 2863 mssenqer,

624 2862 731 2923 but
788 2862 843 2923 is
900 2862 1121 2923 unable
1181 2870 1239 2924 to
1294 2863 1484 2944 reply,
1528 2884 1597 2924 as
1652 2884 1730 2924 no
1785 2884 2022 2925 answer
2078 2864 2187 2925 has
2245 2865 2387 2925 been
2425 2864 2604 2945 qiven
2645 2873 2702 2927 to
2748 2865 2846 2927 his

621 2943 1421 3105 {arlierffgssnmumcation
1488 2945 1834 3024 suqqestinq
1899 2946 2060 3007 three
2119 2946 2386 3026 possible
2453 2947 2848 3008 alternatives

650 3045 706 3086 v.
743 3045 808 3104 p.
1008 3073 1021 3086 .

544 3193 768 3254 Abbati
824 3193 1208 3273 Radingensi
1263 3194 1303 3254 J
1323 3194 1649 3272 [ohannes]
1711 3194 1789 3254 de
1846 3193 2026 3255 Clare
2067 3194 2354 3254 salutem.
2476 3194 2572 3254 Ad
2626 3195 2842 3257 nuncii

378 3299 587 3370 vestri,
618 3298 834 3360 latoris
875 3299 1288 3378 presencium,
1318 3300 1657 3359 adventum
1693 3300 1770 3359 ad
1806 3299 2151 3360 Dominum
2185 3319 2396 3360 meum
2435 3299 2842 3380 Episcopum,

378 3404 731 3466 declarandi
800 3411 863 3465 et
932 3425 1043 3466 vos
1120 3405 1553 3484 premuniendi
1620 3408 1854 3483 [causa]
1920 3406 1998 3466 de
2060 3405 2311 3466 omissis
2372 3406 2701 3486 aliquibus,
2771 3410 2845 3466 ut

378 3510 641 3581 videtur,
706 3511 1086 3572 Reverencie
1144 3516 1348 3572 vestre
1407 3510 1610 3573 scribo
1671 3511 1838 3591 quod
1908 3511 2178 3572 nuncius
2246 3517 2455 3572 vester
2522 3512 2842 3591 predictus

380 3617 623 3694 prefato
666 3616 940 3676 Domino
982 3636 1123 3698 meo
1166 3616 1481 3696 Episcopo
1522 3617 1765 3678 litteras
1807 3617 2066 3678 Domini
2108 3617 2308 3678 nostri
2349 3617 2610 3679 illustris
2651 3619 2844 3699 Regis

380 3720 601 3799 Anglie
650 3721 1022 3800 apportavit,
1073 3722 1179 3801 qui
1236 3743 1342 3783 eas
1390 3727 1715 3802 gratanter.
1758 3723 2029 3795 admisit,
2073 3728 2137 3784 et
2178 3723 2298 3803 legi
2341 3723 2490 3785 fecit
2531 3745 2675 3785 cum
2717 3745 2842 3806 qua

379 3828 589 3888 decuit
630 3828 1001 3899 reverencia,
1045 3832 1110 3889 et
1151 3828 1357 3907 relegi.
1441 3829 1675 3890 Verum
1718 3829 1866 3909 quia
1907 3829 2073 3890 idem
2112 3831 2424 3891 Dominus
2467 3830 2837 3911 Episcopus,

380 3933 535 3995 satis
597 3939 880 3994 recenter
934 3935 1237 3995 reducens
1294 3934 1373 3994 ad
1428 3934 1794 3994 memoriam
1857 3954 1970 4013 per
2029 3934 2362 4014 registrum
2425 3937 2590 4016 quod
2653 3956 2844 4016 super

378 4039 597 4100 eodem
639 4038 805 4100 facto
854 4058 977 4118 quo
1027 4039 1339 4099 Dominus
1384 4043 1599 4100 noster
1646 4039 1778 4100 Rex
1822 4038 1940 4100 sibi
1981 4040 2234 4118 scripsit
2279 4041 2617 4119 adpresens
2659 4061 2841 4102 suam

379 4145 555 4207 vobis
612 4146 862 4225 scripsit
917 4165 1030 4225 per
1077 4145 1425 4206 triformem
1480 4144 1644 4206 viam
1702 4145 1857 4206 alias
1907 4146 2314 4217 voluntatem,
2365 4166 2617 4226 vosque,
2675 4147 2839 4208 sicut

381 4257 587 4312 vester
628 4251 895 4312 nuncius
950 4251 1218 4312 asseruit
1272 4251 1627 4331 requisitus,
1684 4250 1880 4311 nichil
1934 4251 2138 4312 eidem
2194 4250 2468 4313 Domino
2522 4252 2840 4332 Episcopo

378 4355 460 4415 ad
502 4355 778 4435 aliquam
818 4356 1060 4416 viarum
1101 4356 1510 4435 rescripsistis
1551 4355 1805 4435 penitus
1847 4356 1970 4416 ista
2009 4357 2163 4428 vice,
2206 4357 2374 4436 quod
2414 4357 2743 4438 aliquibus,
2787 4359 2843 4419 si

378 4462 473 4523 fas
531 4466 629 4522 est
684 4461 971 4532 scribere,
1029 4462 1239 4522 minus
1295 4461 1609 4522 curialiter
1663 4462 1968 4523 omissum
2023 4483 2162 4523 esse
2216 4463 2479 4523 videtur.
2604 4463 2842 4524 Iccirco

382 4568 547 4628 idem
592 4567 905 4628 Dominus
944 4567 1316 4647 Episcopus,
1359 4587 1486 4628 non
1529 4568 1891 4647 dedignanS,
1935 4567 2099 4628 sicut
2139 4567 2370 4628 nuncio
2412 4573 2621 4630 vestro
2663 4569 2838 4642 dixit,

380 4678 477 4734 set
531 4693 653 4752 que
708 4673 884 4734 vobis
939 4673 1207 4734 scribere
1262 4673 1549 4734 nesciens
1604 4693 1679 4735 ex
1726 4692 1852 4753 quo
1908 4693 2019 4734 vos
2075 4672 2194 4734 sibi
2249 4672 2442 4733 nichil
2497 4675 2838 4754 scripsistis

379 4779 456 4838 ad
528 4798 675 4839 suas
744 4777 981 4857 priores
1053 4778 1295 4839 litteras
1370 4778 1824 4858 responsivum‚
1901 4778 2078 4840 vobis
2154 4779 2493 4858 adpresens
2569 4780 2840 4842 scribere

372 4903 505 4947 non
563 4883 857 4946 decrevit.
