3619 5868
563 1321 659 1363 1201.
687 1323 752 1361 ⁵7.

863 515 984 576 200
1434 553 1438 558 ·
1523 517 1879 596 Reqistram
1936 519 2154 580 Thome
2208 519 2281 580 de
2339 519 2670 599 Gantilupo

866 741 1068 813 debet,
1114 748 1184 802 ut
1225 743 1390 804 idem
1431 743 1612 804 Prior
1652 744 1823 816 dicit,
1864 743 2026 805 sicut
2068 744 2525 805 racionabiliter
2567 750 2915 806 monstrare
2956 745 3115 824 petit
3164 744 3347 824 quod

867 846 1012 907 inde
1061 849 1436 928 respondere
1484 849 1684 910 debet.
1798 850 1884 910 Et
1934 850 2165 911 habeas
2214 849 2299 909 ibi
2349 855 2501 910 tunc
2544 851 2665 910 hoc
2706 849 2908 911 breve.
3018 851 3219 911 Teste
3264 850 3345 909 R.

865 955 944 1015 de
994 953 1333 1014 Nortwode
1381 954 1547 1032 apud
1590 955 2242 1025 Westmonasterium,
2287 956 2391 1034 xxj
2436 955 2537 1015 die
2591 955 2631 1016 J
2634 955 2893 1025 anuarii,
2936 976 3101 1016 anno
3154 956 3347 1034 regni

864 1061 1065 1121 nostri
1121 1060 1408 1139 septimo.

875 1315 998 1375 The
1039 1315 1275 1395 Bishop
1315 1315 1517 1375 writes
1562 1322 1620 1375 to
1664 1315 1760 1375 the
1798 1315 1977 1375 Nun-3
2016 1315 2086 1393 os
2114 1314 2503 1393 Lynqebroke
2543 1323 2600 1375 to
2637 1335 2875 1394 express
2915 1315 3011 1376 his
3042 1317 3345 1396 pleasure

1109 1403 1176 1456 at
1233 1397 1331 1456 the
1385 1396 1516 1456 zeal
1569 1395 1695 1456 and
1753 1395 1955 1474 lovinq
2010 1395 2205 1456 anion
2256 1397 2326 1475 os
2358 1396 2559 1456 which
2602 1395 2672 1456 he
2700 1397 2905 1476 found
2944 1397 3231 1458 evidence
3272 1405 3341 1457 at

1113 1476 1210 1536 his
1278 1477 1612 1537 Visitation
1658 1477 1729 1556 os
1779 1476 1938 1537 their
1990 1477 2256 1536 Convent
2276 1497 2298 1546 ,·
2364 1475 2436 1536 he
2484 1476 2723 1538 exhorts
2774 1477 2935 1538 them
2983 1485 3041 1538 to
3088 1478 3343 1539 observe

1112 1557 1278 1618 their
1324 1578 1482 1617 vows
1539 1557 1665 1618 and
1724 1557 1821 1617 the
1875 1557 2007 1617 rule
2054 1559 2125 1637 of
2162 1557 2321 1617 their
2366 1557 2557 1618 Order
2580 1579 2603 1626 ,·
2672 1565 2728 1618 to
2774 1558 2938 1619 limit
2982 1558 3339 1620 themselves

1108 1638 1350 1716 strictly
1409 1645 1466 1698 to
1531 1638 1628 1698 the
1678 1637 1895 1716 fittinq
1957 1659 2091 1698 uses
2154 1638 2225 1716 of
2278 1638 2755 1717 chapter-house,
2818 1639 3174 1717 dormitor-y,
3246 1661 3337 1700 re-

1097 1721 1351 1800 fectory,
1417 1719 1758 1797 infimary,
1823 1719 1948 1779 and
2010 1719 2251 1779 cloister
2271 1740 2293 1788 ;
2368 1725 2425 1780 to
2483 1739 2555 1796 qo
2615 1719 2843 1797 beyond
2900 1720 2997 1780 the
3059 1721 3339 1781 Convent

1109 1801 1422 1878 buildinys
1478 1800 1619 1877 only
1678 1801 1752 1858 in
1805 1820 1940 1860 case
1994 1801 2063 1879 of
2110 1807 2325 1878 arqent
2368 1800 2515 1860 need
2557 1820 2626 1860 or
2665 1801 2891 1860 solemn
2923 1801 3336 1880 processions.

1113 1882 1235 1942 The
1293 1881 1678 1941 work-rooms
1737 1880 1958 1940 should
2022 1881 2087 1940 be
2149 1881 2373 1940 visited
2434 1881 2576 1958 only
2635 1881 2708 1958 by
2768 1881 2930 1942 those
2985 1882 3118 1942 who
3178 1882 3337 1941 have

1106 1959 1306 2022 duties
1367 1961 1545 2031 there,
1589 1960 1715 2021 and
1761 1968 1867 2020 not
1915 1981 2057 2020 even
2086 1961 2161 2038 by
2214 1961 2372 2021 them
2418 1961 2951 2041 unaccompanied.
3073 1962 3337 2022 Private

1101 2049 1752 2184 ἴηῗίἴᾶιῖῧὲζεᾚ
1779 2042 2429 2202 ἕῗεεῖῖἶῖἴῗιᾱωίὲγῗεῖῃ
2460 2043 2858 2203 Ἢλέἔθὲἷε
2872 2043 3337 2202 ῗηῗὲέῗᾼῖῗιὲ

1105 2225 1214 2282 aye
1257 2211 1418 2264 must
1458 2211 1562 2264 not
1606 2204 1672 2264 be
1711 2204 1979 2263 received
2020 2225 2089 2264 as
2142 2203 2441 2264 boarders.
2556 2205 2711 2264 Care
2758 2205 2979 2264 should
3027 2205 3094 2264 be
3146 2205 3333 2265 taken

1106 2285 1176 2344 in
1232 2284 1328 2345 the
1383 2285 1583 2346 choice
1638 2285 1707 2363 of
1753 2285 2041 2344 dome-stac
2096 2291 2387 2354 servants,
2445 2285 2571 2344 and
2638 2285 2984 2364 consessors
3040 2293 3205 2346 must
3266 2285 3333 2346 be

1105 2387 1242 2426 men
1281 2367 1351 2446 of
1392 2365 1735 2445 exemplary
1778 2365 2109 2425 character.

1030 2514 1319 2574 er‘rmu
1383 2513 1800 2572 Mommnos
1865 2530 1951 2571 nn
2023 2513 2469 2572 Lrnennnoxn
2532 2514 3327 2582 TRAnsM1ssA.—Thomas,

862 2625 1002 2688 etc„
1077 2619 1236 2678 caris
1305 2617 1550 2678 filiabus
1623 2618 1687 2676 in
1761 2616 2032 2688 Christe,
2105 2616 2409 2678 Priorisse
2477 2622 2542 2677 et
2610 2617 3191 2678 sanctimonialibus
3264 2619 3329 2676 in

861 2724 1138 2786 Oenobio
1177 2725 1253 2784 de
1298 2722 1704 2802 Lyngebroke
1748 2724 1885 2783 Deo
1920 2722 2353 2792 servientibus,
2382 2742 2495 2802 per
2526 2723 2894 2802 temporalia
2933 2723 3023 2783 sic
3060 2725 3329 2784 transire

860 2836 934 2890 ut
989 2830 1361 2909 pertingatis
1416 2835 1648 2890 eterna.
1735 2829 2021 2907 Regnum
2066 2828 2357 2897 celorum,
2403 2828 2832 2889 mansionibus
2875 2829 3091 2889 multis
3138 2831 3327 2908 (teste

861 2938 1164 3017 Veritate)
1211 2937 1596 3005 distinctum,
1656 2937 1731 2995 de
1791 2936 1909 2995 hoc
1974 2934 2183 2995 seculo
2242 2954 2511 3013 nequam
2570 2934 2649 2994 ad
2703 2934 2982 2996 diversos
3039 2938 3325 2996 tramites

860 3035 1213 3114 penitencie
1257 3035 1570 3103 salientes,
1601 3040 1788 3111 atque
1832 3039 2009 3092 extra
2051 3032 2269 3091 mundi
2312 3032 2599 3111 contagia
2632 3051 2743 3110 per
2778 3033 2983 3093 varias
3018 3034 3324 3094 virtutum

860 3141 1120 3202 semitas
1175 3140 1529 3219 gradientes
1584 3139 1662 3198 de
1717 3138 2089 3217 penitencia,
2133 3138 2311 3216 quasi
2368 3138 2443 3197 de
2500 3136 2810 3208 torculari,
2855 3137 2972 3198 sibi
3029 3140 3325 3219 exprimit

859 3253 926 3307 et
974 3246 1206 3326 colligit
1253 3245 1557 3314 meliores,
1609 3245 2008 3304 mansionum
2057 3243 2381 3304 celestium
2438 3242 2836 3304 tabernacula
2892 3244 3323 3324 multiplicatis

862 3353 1244 3433 premiorum
1303 3351 1632 3429 stipendiis
1695 3350 2100 3428 ingressuros.
2214 3348 2391 3409 Inter
2448 3368 2604 3428 quos
2664 3348 2963 3409 Ordinem
3022 3358 3320 3419 vestrum,

861 3471 899 3510 a
953 3451 1087 3509 viro
1157 3450 1282 3509 vite
1353 3456 1415 3509 et
1473 3448 1791 3508 literature
1856 3446 2173 3517 mirabilis,
2234 3446 2601 3525 Augustino,
2658 3454 3033 3525 cooperante
3092 3448 3321 3509 Sancto

865 3555 1102 3635 Spiritu
1151 3556 1532 3623 institutum,
1577 3559 1756 3613 tanto
1805 3553 2028 3632 majori
2077 3552 2491 3613 sanctimonia
2549 3553 2955 3612 muniendum
3006 3574 3145 3614 esse
3183 3574 3319 3633 per-

863 3662 1164 3742 spicimus
1221 3666 1456 3739 quanto
1512 3680 1640 3728 vos,
1693 3679 1814 3739 que
1870 3659 1935 3717 in
1991 3679 2065 3719 eo
2120 3658 2331 3719 vivitis
2386 3664 2450 3719 et
2506 3658 2658 3719 estis
2714 3658 3009 3738 professe,
3068 3668 3323 3739 propter

865 3787 1054 3828 sexus
1123 3766 1522 3845 fragilitatem
1592 3764 1787 3840 lacius
1858 3765 2010 3825 estis
2089 3764 2371 3842 exposite
2453 3764 2696 3824 insidiis
2780 3766 2981 3826 hostis
3060 3767 3317 3847 antiqui.

865 3872 1154 3933 Profecto
1224 3892 1350 3932 non
1420 3871 1710 3931 incidetis
1777 3870 1840 3929 in
1905 3891 2011 3930 eas
2070 3870 2122 3930 si
2186 3869 2546 3948 perfectam¹
2608 3870 3051 3943 obedienciam,
3110 3894 3320 3933 veram

865 3985 1300 4059 paupertatem
1343 3984 1407 4038 et
1449 3978 1817 4038 castimonie
1859 3977 2215 4056 puritatem,
2261 3977 2397 4037 sine
2438 3976 2663 4057 quibus
2706 3977 2771 4035 in
2814 3978 3109 4056 religione
3150 3980 3319 4039 salus

862 4105 1002 4146 esse
1059 4104 1185 4144 non
1240 4090 1468 4163 potest,
1513 4102 1758 4143 necnon
1816 4088 1879 4142 et
1934 4083 2237 4162 quasdam
2294 4082 2597 4142 salutares
2654 4081 3106 4153 observancias,
3164 4104 3319 4165 quas

864 4192 944 4251 ad
1000 4189 1498 4249 conversacionis
1555 4196 1759 4249 vestre
1818 4189 2101 4248 decorem
2157 4187 2321 4247 infra
2375 4187 2735 4257 subicimus,
2780 4209 2923 4249 cum
2974 4189 3133 4251 bone
3174 4210 3316 4250 con-

867 4296 1134 4357 sciencie
1184 4294 1543 4355 testimonio
1598 4294 1784 4353 alacri
1843 4294 2050 4353 studio
2098 4293 2427 4372 peragatis,
2484 4315 2521 4354 a
2576 4294 2741 4354 malo
2796 4300 2861 4355 et
2916 4296 3123 4373 specie
3172 4297 3317 4355 mali

865 4401 1142 4482 qualibet
1204 4402 1608 4462 abstinentes
1723 4401 1850 4461 Vos
1913 4400 2101 4477 igitur
2163 4401 2299 4461 Deo
2364 4400 2507 4461 date
2570 4420 2707 4480 que,
2764 4400 3145 4480 abnegantes
3206 4422 3319 4463 vos

865 4508 1034 4586 ipsas
1080 4514 1143 4567 et
1191 4507 1631 4567 renunciantes
1687 4506 1915 4574 secu10,
1973 4505 2207 4565 Christi
2264 4505 2523 4565 servicio
2572 4525 2683 4565 vos
2730 4512 3033 4585 perpetuo
3088 4508 3318 4567 manci-

863 4612 1080 4692 pastis,
1121 4611 1292 4672 omni
1331 4610 1615 4671 custodia
1645 4631 1754 4670 vos
1795 4630 2040 4671 servare
2078 4609 2335 4679 debetis,
2368 4615 2430 4670 et
2467 4616 2681 4688 portas
2718 4630 2975 4671 sensum
3012 4611 3317 4683 obserare,

862 4738 944 4779 ne
985 4738 1280 4797 umquam
1327 4716 1621 4776 introitus
1663 4721 1878 4795 pateat
1921 4716 2192 4795 maligno
2234 4716 2480 4795 spiritui
2524 4736 2599 4775 ex
2642 4736 2766 4794 quo
2800 4716 2975 4777 vobis
3014 4722 3123 4777 aut
3161 4718 3316 4787 aliie,

861 4826 928 4885 in
977 4843 1309 4904 pravorum
1359 4823 1805 4883 desideriorum
1849 4822 2083 4891 ardore,
2127 4822 2224 4882 vel
2268 4822 2489 4882 saltem
2533 4822 2652 4882 levi
2694 4822 3093 4902 cogitacione‚
3138 4825 3319 4887 detur

1838 4958 1965 4998 1—-1n
1994 4958 2095 4999 MS.
2125 4956 2402 5005 profectam.
