3619 5868
1123 586 1426 667 Episcopi
1479 585 1963 667 Heresordensis.
2734 589 2775 649 3

305 819 774 893 competentem
850 812 1221 893 provideant
1295 832 1409 892 per
1482 830 1674 893 quarn
1751 812 1955 872 clerus
2027 830 2093 871 et
2161 813 2431 891 populus
2498 811 2777 873 civitatis

305 926 374 981 et
424 919 770 980 decanatus
825 920 890 979 in
938 938 1092 998 pace
1149 924 1415 997 regatur,
1467 925 1530 979 et
1580 918 1903 978 libertates
1953 917 2236 979 Ecclesie
2285 936 2409 977 non
2460 917 2771 979 ledantur.

311 1025 602 1087 Scientes
636 1026 824 1106 quod,
859 1026 914 1087 si
948 1024 1242 1105 predictis
1269 1024 1726 1086 menicionibus
1752 1026 1988 1085 nestris
2016 1044 2231 1104 parere
2260 1025 2771 1103 contempserint,

309 1150 432 1193 nos
472 1132 552 1192 ad
597 1131 964 1210 corrigenda
1003 1131 1315 1211 premissa
1351 1150 1610 1191 manum
1653 1129 2011 1190 curabimus
2051 1129 2393 1209 graviorem
2440 1149 2775 1209 apponere,

306 1237 586 1297 Domino
651 1243 989 1308 annuente,
1053 1256 1162 1298 eos
1219 1246 1352 1297 tam
1413 1256 1526 1316 per
1579 1256 1912 1297 censuram
1976 1236 2491 1297 Ecclesiasticam
2556 1238 2773 1297 coher-

305 1343 512 1404 cendo
588 1362 780 1423 quam
860 1342 1183 1403 brachium
1264 1344 1563 1411 seculare.
1649 1342 1702 1401 si
1784 1360 2042 1402 necesse
2116 1342 2325 1411 fuerit,
2404 1342 2773 1404 invocando.

309 1448 598 1524 Qualiter
634 1454 848 1509 autem
886 1448 1256 1509 mandatum
1302 1454 1584 1508 nostrum
1626 1445 1871 1507 fueritis
1909 1446 2177 1518 executi,
2218 1454 2281 1507 et
2319 1446 2589 1527 qualiter
2625 1447 2775 1508 dicti

311 1555 442 1617 duo
497 1557 733 1616 nostris
787 1554 1245 1615 monicienibus
1299 1553 1757 1633 responderint,
1817 1552 1997 1613 nobis
2053 1572 2241 1632 quam
2299 1553 2425 1615 cite
2485 1553 2777 1632 expedire

305 1660 590 1721 videritis
628 1660 1006 1721 rescribatis.
1089 1659 1378 1722 Valeatis
1415 1660 1479 1719 in
1521 1660 1817 1717 Domine.
1902 1658 2137 1717 Datum
2179 1658 2346 1737 apud
2384 1659 2774 1731 Windesore,

309 1786 392 1827 xv
437 1765 758 1827 Kalendas
800 1765 1084 1844 Augusti,
1130 1784 1298 1825 anno
1343 1764 1600 1825 Domini
1643 1763 2102 1826 M⁰OC⁰LXX⁰
2141 1763 2383 1843 quinte.

315 1984 472 2061 July
501 1983 986 2043 29.—Mandatc
1033 1988 1090 2043 to
1134 1983 1232 2043 the
1279 1982 1604 2043 Seneschal
1649 1990 1707 2042 to
1751 1982 1895 2043 hold
1935 2001 1976 2042 a
2016 1989 2190 2042 court
2230 1989 2298 2042 at
2338 1982 2675 2059 Prestbuvy
2720 1988 2781 2042 to

553 2064 796 2157 inquire
816 2064 898 2223 jzs
933 2064 1117 2123 Peter
1161 2064 1233 2124 de
1273 2064 1613 2143 Brompton
1665 2064 1792 2123 and
1847 2064 2048 2141 Roqer
2087 2064 2159 2123 de
2202 2063 2587 2137 Hyntesham
2626 2080 2779 2123 were

555 2145 754 2205 sewed
795 2165 828 2205 o
925 2144 1266 2223 wamy-five
1307 2164 1476 2205 acres
1517 2151 1585 2204 at
1625 2144 2111 2223 Sevenhampton
2145 2143 2339 2220 before
2376 2144 2473 2204 the
2507 2142 2693 2203 death
2718 2143 2791 2220 of

557 2226 793 2305 Bishop
841 2225 1030 2296 John,
1081 2226 1208 2285 and
1248 2225 1310 2302 is
1343 2245 1429 2297 so,
1465 2232 1522 2285 to
1562 2227 1694 2304 qive
1741 2225 1903 2285 them
1934 2224 2281 2304 possession
2320 2225 2391 2299 of
2426 2224 2523 2285 the
2568 2223 2729 2284 land.
2850 2258 2857 2265 -

477 2368 1241 2446 onorata-Magistro
1296 2367 1336 2429 J
1341 2367 1577 2427 ohanni
1633 2368 1711 2428 de
1774 2367 2153 2442 Bradeham,
2213 2367 2573 2428 Senescallo
2642 2387 2779 2437 sue,

307 2476 598 2535 salutem.
687 2473 846 2535 Cum
891 2474 1234 2535 dileccione
1276 2474 1520 2535 sincera
1563 2474 1937 2535 mandamus
1978 2474 2155 2535 vebis
2195 2476 2492 2553 quatinus
2534 2473 2779 2534 faciatis

306 2582 548 2641 curiam
591 2594 873 2640 nostram
916 2580 994 2640 de
1037 2580 1414 2657 Prestebury
1444 2580 1764 2658 quamcito
1805 2580 2095 2659 poteritis
2136 2578 2560 2651 summoneri;
2604 2589 2669 2639 et
2698 2578 2779 2639 ad

306 2686 477 2747 idem
548 2686 898 2745 manerium
970 2685 1381 2763 personaliter
1451 2685 1847 2756 accedentes,
1921 2704 2033 2763 per
2111 2684 2337 2745 liberos
2410 2690 2474 2744 et
2548 2684 2777 2761 legales

314 2793 626 2861 hemines,
659 2810 771 2871 per
802 2810 959 2871 ques
993 2791 1083 2852 rei
1109 2792 1343 2852 veritas
1381 2792 1606 2851 melius
1641 2791 1784 2851 sciri
1827 2799 2055 2871 potest,
2086 2790 2780 2869 diligenter.inquiratis

303 2906 522 2962 utrum
579 2898 872 2961 dominus
923 2898 1148 2959 Petrus
1202 2897 1281 2959 de
1338 2898 1722 2978 Bromptone
1779 2905 1843 2960 et
1900 2898 2180 2977 Regerus
2237 2898 2313 2958 de
2370 2896 2777 2977 Hyntesham

303 3007 565 3068 fuerunt
621 3005 819 3068 seisiti
890 3006 953 3065 in
1024 3004 1338 3065 dominico
1403 3024 1517 3065 sue
1572 3015 1644 3065 ut
1711 3005 1789 3066 de
1846 3005 2051 3074 feudo,
2112 3011 2260 3064 ante
2318 3003 2559 3064 obitum
2618 3002 2778 3064 bene

309 3112 612 3173 memorie
667 3111 1001 3183 Johannis,
1054 3110 1537 3171 Herefordensis
1593 3110 1912 3189 Episcopi,
1970 3109 2049 3170 de
2106 3131 2226 3170 xxv
2282 3110 2444 3170 acris
2500 3115 2665 3169 terre
2715 3115 2778 3168 et

304 3221 474 3300 prati
526 3239 668 3280 cum
718 3219 1122 3299 pertinenciis
1169 3217 1235 3278 in
1293 3218 1864 3296 Sevenhamptone,
1916 3236 2075 3298 quas
2116 3217 2366 3297 quidem
2424 3236 2548 3277 xxv
2599 3234 2780 3276 acras

304 3326 518 3387 dictus
563 3325 918 3404 Episcopus
967 3325 1120 3384 emit·
1169 3345 1207 3385 a
1264 3324 1536 3385 Radulfo
1581 3323 1841 3384 Musard
1890 3324 1968 3384 de
2026 3323 2247 3393 Asshe,
2292 3331 2355 3383 et
2401 3342 2561 3401 quas
2610 3323 2777 3382 idem

311 3433 670 3511 Episcopus
723 3432 956 3492 eisdem
1011 3431 1202 3492 Petro
1254 3436 1316 3492 et
1367 3431 1612 3510 Bogere
1661 3430 1857 3501 dedit,
1901 3438 1964 3490 et
2007 3449 2115 3491 ees
2157 3429 2302 3489 inde
2347 3428 2583 3489 seisivit
2628 3437 2777 3488 ante

305 3544 578 3599 mertem
639 3556 841 3608 suam,
899 3546 970 3596 ut
1032 3535 1269 3596 dicunt.
1377 3537 1462 3597 Et-
1527 3537 1582 3596 si
1644 3556 1774 3596 rem
1841 3535 2203 3598 inveneritis
2265 3536 2359 3595 ita
2421 3555 2578 3606 esse,
2625 3542 2778 3594 tunc

303 3644 602 3704 velumus
683 3650 746 3703 et
829 3642 1206 3703 mandamus
1295 3642 1462 3722 qued
1547 3643 1934 3722 permittatis
2030 3641 2231 3702 dictos
2317 3639 2633 3724 P[etrum]
2718 3647 2782 3702 et

309 3749 686 3832 R[ogerum]
746 3748 936 3810 libere
993 3749 1225 3810 seisina
1273 3768 1390 3810 sua
1442 3749 1734 3828 gaudere,
1779 3754 1845 3809 et
1901 3748 1981 3808 de
2030 3747 2337 3810 fructibus
2389 3747 2557 3808 dicte
2614 3755 2778 3808 terre

307 3856 644 3934 disponere
702 3874 815 3934 pro
879 3837 993 3914 sue
1052 3855 1226 3916 libito
1277 3855 1644 3916 voluntatis.
1754 3854 1821 3914 Si
1864 3874 2007 3914 vero
2070 3854 2147 3913 de
2203 3853 2485 3933 predicta
2548 3853 2780 3914 seisina

307 3981 528 4024 eorum
593 3981 704 4039 per
764 3961 1244 4040 inquisicionem
1313 3979 1438 4020 non
1511 3967 1780 4031 constet,
1853 3964 2007 4020 tunc
2076 3960 2243 4021 dicte
2306 3967 2470 4020 terre
2540 3959 2779 4020 fructus

305 4068 522 4147 colligi
589 4066 860 4137 faciatis,
931 4075 996 4127 et
1063 4067 1128 4126 in
1200 4067 1385 4126 domo
1459 4067 1671 4145 aliqua
1742 4066 1860 4126 sub
1932 4066 2293 4126 testimonio
2365 4074 2428 4126 et
2498 4064 2781 4126 custodia

306 4174 580 4236 duorum
653 4174 751 4234 vel
835 4173 1024 4233 trium
1100 4173 1392 4252 legalium
1465 4173 1790 4234 hominum
1876 4171 2091 4251 reponi
2160 4171 2405 4232 faciatis
2474 4177 2538 4231 et
2608 4171 2781 4233 salve

311 4280 642 4350 custodiri,
707 4279 904 4339 donec
973 4279 1150 4340 vebis
1221 4278 1392 4339 aliud
1461 4297 1648 4358 super
1709 4279 1829 4339 hoc
1893 4277 2249 4338 dederimus
2312 4277 2374 4336 in
2440 4277 2777 4338 mandatis.

315 4386 561 4446 Datum
607 4385 776 4464 apud
821 4382 1277 4463 Schyreburne,
1321 4383 1408 4462 iiij
1455 4383 1776 4444 Kalendas
1820 4383 2106 4462 Augusti,
2151 4401 2319 4444 anno
2362 4383 2740 4462 supradicte.

315 4605 478 4683 ‘¹¹⁴⁹-
525 4601 1320 4763 d-zsseszmt
1453 4602 1881 4743 muts
1925 4600 2219 4762 λῆτε
2246 4599 2786 4742 mrumst&

566 4764 766 4826 taken.

485 4894 1172 4955 Hnnnrennn.—Viris
1210 4893 1666 4955 venerabilibus
1705 4901 1768 4954 et-
1809 4893 2095 4954 discretis
2133 4892 2427 4954 iratribus
2464 4900 2528 4951 et
2567 4890 2784 4953 amicis

313 5001 662 5064 carissimis
706 4999 996 5070 dominis,
1043 4999 1333 5077 Capitulo
1375 4998 1844 5070 Herefordensi,
1891 4998 2187 5069 Thomas,
2233 5006 2377 5066 etc.,
2409 4996 2676 5057 salutem
2720 5002 2785 5057 et

3598 1306 3603 1361 ..m
3592 1168 3603 1203 -ι
3589 1116 3603 1149 --
