3619 5868
53 2686 164 2727 Ful.
195 2688 242 2727 5.

1181 513 1482 593 Episcopi
1534 512 2017 593 Herefordensis.
2752 513 2825 571 11

363 756 684 816 rogamus,
741 756 1074 798 monemus
1131 736 1464 809 attencius,
1523 742 1587 798 et
1641 736 1706 796 in
1763 736 2039 796 Domino
2082 736 2487 797 exhortamur
2526 736 2829 816 quatinus

363 851 578 903 vestre
631 843 1021 903 consciencie
1078 842 1414 903 salubriter
1467 842 1889 913 consulentes,
1936 841 2115 903 villas
2156 842 2472 921 predictas
2514 840 2706 902 cicius
2762 850 2827 902 et

364 947 606 1029 absque
662 948 1051 1009 difficultatis
1113 948 1439 1009 obstaculo
1499 948 1851 1009 restituatis
1922 948 2237 1027 Episcopo
2304 955 2675 1023 memorate,
2748 948 2829 1008 ad

368 1072 580 1133 quem,
627 1056 878 1115 racione
923 1073 1034 1114 sue
1080 1054 1366 1114 Ecclesie
1413 1051 1710 1113 dicuntur
1751 1052 2067 1132 pertinere
2112 1053 2190 1113 de
2238 1054 2397 1132 jure.
2511 1035 2831 1115 Noveritis

368 1166 603 1234 autem,
677 1161 844 1242 quod
916 1162 994 1221 de
1049 1161 1375 1223 voluntate
1429 1166 1494 1221 et
1550 1160 1943 1239 beneplacito
1996 1159 2158 1220 bone
2216 1160 2514 1221 memorie
2572 1160 2831 1223 Domini

367 1266 721 1349 H[enrici],
762 1267 948 1347 Regis
993 1267 1231 1345 Anglie‚
1275 1272 1339 1327 et
1377 1266 1656 1326 omnium
1698 1265 2097 1344 Optimatum
2138 1264 2355 1345 ipsine,
2401 1265 2482 1326 ab
2524 1266 2830 1326 universis

366 1372 641 1433 Prelatis
685 1372 1186 1452 Archiepiscopis
1229 1380 1294 1432 et
1337 1370 1669 1451 Episcopis
1709 1371 1884 1449 regni
1924 1369 2230 1449 ejusdem,
2273 1370 2409 1431 lata
2450 1375 2547 1431 est
2589 1369 2829 1431 dudum

367 1479 696 1539 sentencia
730 1478 1132 1558 postmodum
1173 1498 1285 1557 per
1327 1477 1551 1539 Sedem
1588 1477 2016 1556 Apostolicam
2058 1476 2452 1549 confirmata,
2504 1478 2570 1537 in
2608 1497 2829 1539 omnes

366 1592 432 1645 et
462 1585 744 1663 singulos
773 1585 878 1664 qui
907 1584 1228 1645 maliciose
1272 1584 1542 1644 scienter
1582 1583 1908 1644 Ecclesiae
1937 1583 2088 1643 dicti
2119 1583 2290 1661 regni
2318 1582 2699 1662 privaverint
2728 1584 2830 1645 vel

368 1690 777 1769 spoliaverint
822 1710 936 1751 suo
976 1691 1114 1769 J'ure
1160 1690 1534 1769 cujusmodi.
1623 1688 2025 1750 Sentenciam
2070 1689 2374 1749 bullatam
2415 1688 2723 1750 habemus
2766 1694 2830 1750 et

364 1816 505 1857 eam
539 1796 714 1857 vobis
742 1797 840 1857 vel
870 1796 1100 1857 vestris
1128 1796 1460 1856 ostendere
1479 1796 1828 1874 poterimus
1846 1802 2127 1874 tempore
2150 1806 2478 1875 oportun0.
2565 1796 2831 1873 Propter

363 1902 533 1983 quod
557 1903 805 1981 expedit
829 1910 891 1963 et
913 1902 1300 1963 consulimus
1323 1909 1394 1962 ut
1419 1901 1593 1961 vobis
1617 1900 1894 1962 sollicius
1917 1900 2194 1962 caveatis
2215 1920 2315 1973 ue,
2338 1921 2449 1981 per
2467 1902 2829 1963 ulteriorem

365 2007 805 2069 detencionem
846 2007 1272 2087 predictarum
1315 2008 1607 2069 villarum
1656 2026 1767 2067 seu
1809 2025 2347 2087 quarumcumque
2389 2008 2829 2069 Ecclesiastic-

365 2134 545 2176 arum
615 2114 1082 2194 possessionum
1161 2134 1272 2194 per
1348 2132 1460 2175 vos
1541 2113 1821 2174 indebite
1899 2113 2319 2185 detentarum,
2386 2114 2451 2173 in
2521 2114 2830 2194 prefatam

364 2224 756 2283 sentenciam
825 2220 1156 2292 incidatis;
1227 2222 1293 2281 in
1343 2239 1530 2301 quam
1589 2220 1642 2280 si
1703 2230 1959 2299 propter
2026 2220 2333 2297 premissa
2400 2219 2665 2280 forsitan
2736 2220 2828 2279 in·
2912 2246 2919 2253 ·

363 2327 666 2399 cideritis,
724 2328 1016 2389 Judicem
1075 2327 1283 2387 Deum
1339 2326 1607 2387 habetis.
1721 2326 2086 2386 Advertatis
2141 2326 2341 2386 eciam
2398 2326 2565 2405 quod
2610 2326 2828 2386 Eccle-

364 2433 766 2494 siasticorum
807 2432 1116 2493 bonorum
1159 2430 1462 2511 spoliacie
1501 2450 1627 2491 non
1671 2430 1873 2491 solum
1918 2431 2270 2510 periculosa
2311 2436 2375 2492 et
2408 2431 2829 2511 dampnabilis

361 2538 704 2617 judicat-ur,
737 2544 834 2599 set
856 2536 1315 2616 dampnabilior
1335 2537 1612 2616 ipsorum
1638 2536 1928 2597 detencio
1958 2548 2022 2597 et
2044 2538 2329 2615 pertinax
2355 2539 2828 2616 perseverancia

366 2644 432 2704 iu
491 2643 752 2704 delecto,
841 2643 958 2715 Ne,
1015 2643 1223 2720 igitur,
1277 2642 1486 2702 Mater
1538 2640 1830 2701 Ecclesia
1883 2641 1949 2700 in
1992 2661 2101 2703 vos
2146 2652 2449 2723 tanquam
2507 2643 2573 2702 in
2628 2642 2828 2704 filium

363 2750 759 2829 degenerem,
796 2749 1084 2809 ultricem
1124 2767 1385 2808 manum
1430 2747 1752 2818 extendat,
1793 2748 2081 2807 celeriter
2124 2749 2475 2810 restituatis
2512 2748 2727 2810 ablata
2763 2756 2827 2809 et

361 2856 604 2936 injuste
633 2856 912 2927 detenta,
943 2856 1146 2934 ipsam
1177 2854 1466 2915 decetero
1493 2852 1558 2912 in
1601 2852 1847 2932 juribus
1889 2860 1953 2913 et
1981 2854 2501 2933 possessionibus,
2544 2854 2709 2915 sicut
2738 2854 2833 2915 vir

362 2961 749 3033 catholicus,
807 2981 920 3040 pro
974 2979 1160 3040 posse
1217 2969 1428 3021 vestro
1483 2966 1932 3020 conservantes
1986 2959 2251 3022 illesam.
2337 2962 2627 3041 Denique
2684 2981 2829 3022 con·

361 3067 634 3128 similem
665 3067 1084 3127 monicionem
1112 3071 1177 3125 et
1200 3065 1707 3126 exhortacionem
1732 3063 1909 3125 vobis
1932 3064 2199 3126 facimus
2227 3086 2339 3146 pro
2370 3067 2587 3128 Fratre
2610 3077 2829 3128 nostro

361 3174 696 3234 karissimo
739 3173 1056 3251 Episcopo
1088 3172 1442 3232 Assavensi.
1528 3170 1830 3231 Valeatis.
1920 3170 2160 3231 Datum
2189 3173 2358 3252 apud
2388 3172 2691 3234 Maufeud
2722 3174 2824 3252 xvj

363 3277 694 3339 Kalendas
739 3276 1050 3349 Octobris,
1096 3295 1264 3338 anno
1307 3276 1566 3337 Domini
1611 3274 2074 3339 M⁰OC⁰LXX⁰
2116 3279 2357 3358 quinto,

367 3515 534 3594 Sept.
564 3513 1114 3590 12.—Imlzclqcnce
1141 3513 1211 3590 of
1248 3519 1465 3589 twenty
1494 3512 1647 3589 days
1685 3513 1942 3589 qranted
1973 3520 2030 3572 to
2059 3513 2149 3572 all
2174 3513 2324 3584 who,
2357 3513 2529 3592 being(
2550 3515 2827 3592 peniteat

611 3595 736 3654 and
764 3593 1084 3672 confessed‚
1109 3613 1270 3672 prag]
1308 3601 1373 3652 at
1415 3593 2185 3670 Bouqhton—under—Blean
2200 3595 2308 3672 for
2338 3594 2434 3654 the
2462 3595 2597 3654 soul
2624 3596 2694 3673 of
2732 3595 2829 3655 the

615 3676 732 3736 late
759 3675 997 3745 Rcct0r‚
1028 3674 1310 3734 Richard
1337 3674 1411 3733 de
1445 3674 1785 3752 Meopham.

533 3806 1407 3869 InnunonN01A.—-Omnibus
1471 3806 1705 3867 Christi
1775 3806 2065 3867 fidelibus
2131 3808 2210 3867 ad
2279 3827 2437 3888 quos
2506 3813 2831 3887 presentes

363 3917 578 3978 littere
615 3914 1034 3995 pervenerint,
1079 3914 1376 3984 Thomas,
1421 3921 1565 3983 etc..
1612 3911 1900 3986 salutem,
1933 3918 2073 3974 ·etc.
2162 3913 2318 3974 Cum
2365 3915 2449 3974 sit
2492 3922 2714 3975 sancta
2756 3932 2831 3974 ac

366 4023 640 4083 salubris
662 4021 964 4100 cogitacio
983 4039 1198 4099 preces
1227 4018 1492 4080 fundare
1521 4038 1634 4099 pro
1656 4018 1969 4080 defunctis
1999 4027 2069 4079 ut
2088 4039 2127 4080 a
2148 4025 2551 4099 peccatorum
2573 4040 2831 4081 suorum

365 4129 638 4190 nexibus
682 4135 1044 4188 mereantur
1091 4125 1351 4198 absolvi,
1397 4145 1532 4197 nos,
1576 4125 1655 4185 de
1699 4125 2171 4204 Omnipotentis
2218 4126 2337 4186 Dei
2382 4127 2829 4198 misericordia,

368 4236 638 4316 gloriose
699 4233 972 4312 Virginis
1031 4233 1230 4293 Marie
1272 4231 1590 4310 genitricis
1631 4232 1789 4310 ejus,
1836 4231 2021 4292 Beati
2078 4232 2469 4293 Etheleberti
2528 4232 2830 4304 Martiris,

371 4349 435 4404 et
505 4342 786 4402 omnium
859 4341 1233 4402 Sanctorum
1305 4339 1544 4400 meritis
1613 4340 2020 4412 confidentes,
2086 4340 2376 4400 omnibus
2434 4340 2832 4419 parochianis

369 4449 628 4519 nostris,
673 4454 735 4509 et
778 4447 920 4508 aliis
956 4466 1220 4527 quorum
1254 4445 1588 4506 Diocesani
1618 4445 1780 4506 hanc
1806 4453 2088 4507 nostram
2123 4446 2597 4525 Indulgenciam
2627 4456 2833 4508 ratam

371 4555 728 4626 habuerint,
779 4572 924 4615 vere
972 4550 1423 4632 penitentibus,
1472 4551 1781 4621 contritis,
1835 4558 1899 4612 et
1953 4552 2275 4623 confessiS,
2338 4553 2445 4633 qui
2501 4553 2832 4613 ecclesiam

373 4662 562 4723 Beati
605 4661 778 4720 Petri
821 4660 899 4721 de
942 4659 1229 4720 Boctona
1274 4658 1741 4737 Archiepiscopi
1782 4660 2173 4720 visitaverint
2218 4665 2283 4719 et
2326 4679 2438 4738 pro
2480 4659 2691 4719 anima
2733 4659 2834 4739 pie

375 4769 672 4829 memorie
713 4766 966 4827 Ricardi
997 4765 1075 4827 de
1107 4765 1494 4844 Mapaham,¹
1532 4766 1849 4845 quondam
1896 4765 2179 4827 Rectoris
2220 4765 2504 4844 ejusdem
2547 4766 2829 4841 ecclesie,

519 4903 897 4944 l—Archdeacon
915 4901 964 4943 of
990 4900 1169 4944 Oxford
1198 4901 1290 4943 and
1319 4903 1450 4942 Dean
1468 4900 1518 4943 of
1547 4901 1752 4948 Lincoln.
1781 4907 1889 4944 sent
1918 4903 1964 4942 in
1996 4905 2091 4942 1263
2116 4903 2233 4944 with
2264 4901 2425 4943 Simon
2452 4901 2509 4943 de
2538 4902 2769 4945 Montfort
2788 4903 2835 4944 in

370 4954 452 4995 the
469 4965 608 4994 name
627 4952 677 4994 of
694 4955 776 4994 the
797 4955 982 4994 Bar-ons
999 4961 1051 4994 to
1068 4954 1150 4993 the
1171 4953 1462 4994 Parliament
1481 4950 1531 4993 of
1551 4951 2009 4997 France—(Gervase
2027 4955 2164 4994 Cont.
2186 4955 2244 4993 11.
2263 4955 2352 4998 22⁴.
2376 4949 2534 4996 Rolls).
