3619 5868
801 511 920 568 256
1431 507 1817 586 ·Reqtstrum
1874 507 2091 568 Thomc
2142 508 2218 568 de
2277 507 2609 586 Cantilupo

801 733 998 795 frater
1045 739 1277 804 noster,
1323 733 1690 812 Episcopus,
1737 739 1800 793 et
1847 733 2059 793 dilecti
2108 731 2219 792 filii
2260 732 2755 793 Archidiaconus
2802 739 2868 793 et
2918 733 3283 794 Precentor

805 840 1274 911 Landavenses,
1341 839 1382 900 J
1387 839 1602 900 udices
1669 858 1710 899 a
1772 838 1935 900 Sede
1994 838 2377 917 Apostolica,
2438 845 2513 898 ut
2568 839 2889 910 asseritur,
2948 839 3276 918 deputati,

803 946 972 1005 vices
1013 965 1162 1006 suas
1204 945 1270 1005 in
1323 944 1592 1007 solidum
1641 945 2112 1023 commiserunt)
2164 945 2456 1006 movebat
2510 965 2589 1006 ex
2636 953 2819 1024 parte
2874 945 3025 1006 dicti
3074 949 3283 1006 Assa·

801 1051 1032 1122 vensis,
1080 1051 1301 1112 fuisset
1337 1051 1418 1111 ab
1455 1051 1675 1111 eodem
1718 1051 1933 1111 Priore
1974 1071 2051 1111 ex
2092 1057 2264 1111 certo
2304 1063 2369 1110 et
2410 1050 2745 1111 sufficienti
2777 1053 3145 1130 gravamine
3188 1052 3283 1112 ad

804 1155 1030 1217 Sedem
1077 1157 1499 1236 Apostolicam
1557 1162 1622 1217 et
1677 1156 1863 1218 Curis
1911 1156 2407 1227 cantuariensis,
2458 1164 2646 1235 prout
2693 1156 2777 1216 ab
2822 1157 3082 1237 antiquo
3128 1157 3281 1217 fieri

801 1273 1232 1333 consueverat,
1276 1263 1616 1322 tuicionem
1658 1261 1933 1341 legitime
1976 1263 2385 1341 appellatum,
2430 1282 2505 1323 ac
2546 1261 2919 1323 beneficium
2970 1265 3283 1326 tuicionis

807 1367 1171 1446 hujusmodi
1240 1369 1406 1448 parti
1476 1369 1843 1448 appellanti,
1910 1370 2164 1446 justicia
2222 1369 2529 1448 exigente,
2594 1368 2783 1430 fuerit
2846 1390 3275 1444 concessum;

805 1474 984 1534 Prior
1029 1481 1242 1535 tamen
1295 1483 1694 1553 provocatae,
1737 1475 1839 1534 cui
1878 1473 2251 1534 mandatum
2302 1472 2487 1535 Curie
2542 1474 3021 1536 cantuariensis
3076 1496 3283 1555 super

806 1576 1170 1656 hujusmodi
1205 1577 1478 1638 tuicione
1511 1579 1576 1637 in
1610 1577 1815 1638 forma
1846 1587 2149 1638 consueta
2196 1578 2506 1639 directum
2548 1579 2869 1651 extiterat,
2920 1589 3055 1641 tam
3100 1581 3283 1643 dicte

811 1685 992 1746 Sedis
1023 1685 1379 1765 Apostolice
1417 1704 1606 1764 quam
1641 1684 1827 1745 Curie
1860 1684 2335 1746 cantuariensis
2367 1685 2673 1765 prelibato
2704 1685 2771 1746 in
2808 1694 3279 1767 contemptum,

803 1793 1104 1853 mandato
1173 1792 1532 1872 supradicto
1599 1811 1674 1869 pe
1685 1810 1819 1851 rere
1878 1799 2354 1870 contempnens,
2418 1792 2625 1870 ipsum
2689 1792 3059 1852 mandatum
3118 1814 3279 1853 cum

809 1899 1042 1976 injuria
1096 1905 1158 1958 et
1213 1898 1452 1958 offensa
1507 1917 1633 1958 non
1689 1896 1937 1956 modica
1989 1915 2293 1976 respuens
2340 1903 2405 1957 et
2460 1897 2869 1976 vilipendens,
2914 1899 3281 1960 officialem

807 2005 994 2066 Curis
1043 2004 1518 2065 cantuariensis
1574 2003 1650 2062 de
1699 2002 1871 2062 facto
1923 2012 2349 2081 presumserat
2404 2003 2537 2063 suis
2592 2003 2819 2064 litteris
2858 2004 3143 2066 inhibere
3188 2026 3281 2067 ne

813 2113 932 2192 [in]
975 2111 1264 2171 tuicionis
1319 2109 1576 2188 negocio
1623 2109 1987 2188 procederet
2042 2108 2403 2179 antedicto;
2464 2127 2661 2188 penas
2704 2129 2831 2170 non
2874 2111 3157 2172 modicas
3218 2113 3281 2172 si

807 2225 1030 2277 contra
1083 2215 1262 2276 fieret
1318 2214 1782 2284 comminand0,
1839 2221 2025 2293 prout
2074 2214 2142 2272 in
2194 2213 2393 2292 ipsius
2442 2213 2677 2275 Prioris
2732 2215 2945 2276 littera
2992 2217 3277 2278 vidimus

759 2303 766 2308 ’
805 2322 1113 2384 contineri
1134 2369 1149 2392 ,
1217 2320 1399 2400 cujus
1455 2340 1781 2381 excessum
1825 2320 1960 2380 sine
2012 2319 2171 2398 juris
2226 2319 2465 2380 offensa
2514 2319 2806 2400 dicteque
2864 2322 3047 2382 Sedis
3104 2324 3276 2402 Apo-

809 2428 1028 2490 stolice
1079 2427 1326 2505 injuria,
1377 2426 1478 2487 cui
1528 2435 1750 2486 nostra
1796 2425 1989 2486 Curia
2030 2427 2095 2484 in
2138 2427 2269 2485 suis
2312 2425 2689 2486 tuicionibus
2731 2426 3098 2498 famulatur,
3143 2429 3277 2489 dis·

809 2533 1164 2596 simulando
1225 2533 1508 2592 deserere
1557 2551 1682 2591 non
1732 2550 2067 2610 possumus
2111 2531 2512 2610 impunitum.
2626 2532 2935 2607 Quocirca
2976 2533 3153 2595 vobis
3200 2535 3277 2595 in

803 2641 1036 2702 virtute
1092 2637 1451 2700 obediencie
1505 2637 1767 2697 firmiter
1814 2637 2201 2716 injungendo
2251 2639 2627 2699 mandamus
2674 2641 2976 2719 quatinus
3024 2640 3277 2703 dictum

807 2746 1086 2806 Priorem
1143 2743 1558 2823 peremptorie
1615 2743 1844 2813 citetis,
1900 2743 2068 2823 quod
2123 2751 2483 2822 compareat
2538 2765 2749 2806 coram
2806 2747 2985 2808 nobis
3040 2757 3278 2828 quarto

809 2852 908 2911 die
953 2850 1221 2929 juridico
1269 2857 1412 2929 post
1464 2851 1724 2910 terciam
1775 2849 2171 2910 Dominicam
2218 2850 2731 2930 Quadragesime,
2788 2865 2910 2913 etc.
3026 2854 3275 2916 Datum

810 2958 980 3038 apud
1029 2958 1349 3028 Foleham,
1401 2956 1706 3017 Kalendis
1761 2956 2105 3027 Februarii,
2164 2976 2328 3017 anno
2386 2958 2641 3017 Domini
2710 2960 3271 3033 M⁰GC⁰LXXIX⁰‚

809 3065 1324 3127 Consecracionis
1381 3070 1594 3123 nostre
1649 3083 1817 3124 anno
1869 3063 2091 3141 primo.

809 3348 976 3424 Sept.
1025 3344 1422 3404 15.—Letter
1487 3352 1546 3404 to
1597 3342 1693 3404 the
1745 3343 2219 3404 Vicar-General
2285 3344 2411 3404 and
2462 3346 2559 3405 the
2618 3345 2855 3423 Official
2894 3346 3273 3427 instructinq

1056 3426 1218 3485 them
1255 3433 1361 3485 not
1404 3433 1463 3485 to
1530 3426 1763 3503 enforce
1789 3426 1899 3501 sor
1938 3444 1979 3484 a
2032 3444 2181 3499 year
2223 3425 2321 3484 the
2375 3425 2559 3485 claim
2614 3446 2693 3486 on
2752 3428 2851 3487 the
2906 3427 3102 3488 Abbot
3142 3430 3275 3489 and

1058 3508 1326 3566 Convent
1383 3506 1452 3583 of
1509 3508 1601 3565 St.
1655 3506 1903 3575 Peter’s,
1964 3505 2334 3577 Glaucester,
2379 3508 2489 3583 sor
2534 3508 2963 3585 procurations
3018 3509 3136 3569 due
3192 3530 3276 3571 on

1054 3594 1310 3647 account
1350 3588 1420 3665 os
1457 3586 1554 3646 the
1605 3585 1934 3646 Visitation
1972 3589 2045 3661 of
2080 3586 2272 3647 Great
2318 3587 2605 3647 Gowarne
2652 3588 2917 3649 Ghurch.

971 3746 1260 3805 Iun-nm
1331 3761 1568 3805 emoni-
1639 3762 1760 3803 rso
1832 3744 2095 3803 Assum
2177 3746 3045 3817 Gnoucnsmm.—'Phomas,
3118 3756 3267 3820 etc„

810 3851 1124 3930 magistris
1181 3850 1255 3911 W
1277 3850 1556 3929 [illelmo]
1615 3850 1694 3909 de
1754 3851 1969 3911 Monte
2024 3851 2218 3921 Forti,
2278 3852 2635 3911 Preceutori
2694 3852 3145 3914 Herefordensi
3203 3862 3269 3915 et

805 3957 1057 4018 Vicario
1127 3962 1344 4016 nostro
1410 3957 1477 4015 in
1548 3955 1772 4034 Anglia
1840 3956 2155 4025 Generali,
2228 3977 2300 4016 ac
2370 3955 2646 4016 Roberto
2709 3956 2788 4017 de
2844 3958 3265 4033 Gloucestria,

811 4063 1079 4125 Officiali
1149 4070 1382 4133 nostr0‚
1455 4062 1745 4132 salutem,
1818 4070 1935 4123 etc.
2042 4063 2225 4122 Anno
2295 4062 2552 4123 Domini
2618 4063 3134 4135 M⁰CC⁰LXXX0,
3201 4066 3270 4125 in

813 4167 1070 4230 Octabis
1127 4168 1493 4228 Nativitatis
1571 4168 1772 4227 Beate
1844 4168 2066 4239 Made,
2145 4168 2439 4247 Virginis.
2520 4168 2915 4230 venientibus
3000 4170 3081 4230 ad
3150 4190 3270 4232 nos

809 4274 978 4353 apud
1034 4274 1268 4351 Lyram
1319 4272 1384 4331 in
1444 4272 1724 4334 Abbacia
1778 4274 1967 4333 fratre
2024 4274 2081 4333 N
2090 4274 2333 4333 icholao
2388 4274 2466 4333 de
2523 4274 2895 4347 Lanrothal,
2950 4276 3269 4338 Monacho

810 4380 1164 4449 Glovernie,
1196 4388 1260 4438 et
1303 4380 1605 4457 magistro
1637 4380 1951 4440 Willelmo
1992 4379 2069 4440 de
2112 4378 2417 4458 Alesleye,
2444 4381 2957 4458 procuratoribus
2993 4382 3271 4443 virorum

811 4485 1263 4565 religiosorum,
1310 4485 1546 4545 domini
1603 4482 1867 4545 Abbatis
1924 4484 2139 4545 Sancti
2194 4484 2367 4544 Petri
2424 4485 2817 4545 Gloucestrie
2872 4494 2937 4547 et
2984 4488 3267 4565 ejusdem

814 4594 934 4653 loci
991 4592 1374 4661 Conventus,
1435 4590 1814 4651 sufficienter
1868 4611 2077 4651 coram
2132 4590 2311 4651 nobis
2372 4592 2903 4671 comparentibus,
2961 4602 3149 4671 prout
3202 4594 3271 4653 in

809 4703 1147 4759 eorundem
1226 4696 1673 4775 procurator-ie,
1745 4696 1925 4774 cujus
1993 4696 2438 4775 transcriptum
2506 4697 2585 4758 de
2655 4698 2903 4759 illorum
2970 4718 3271 4778 expressa

807 4804 1133 4866 voluntate
1195 4801 1312 4862 sub
1375 4801 1592 4880 sigillis
1661 4802 1997 4861 eorundem
2063 4820 2257 4880 penes
2320 4821 2435 4862 nos
2496 4803 2745 4875 residet,
2811 4805 3057 4881 plenius
3119 4825 3267 4867 con-

809 4912 1086 4981 tinetur,
1177 4908 1540 4988 petentibus
1613 4908 1778 4988 quod
1860 4908 2239 4968 demandam
2313 4910 2779 4987 procuracionis
2854 4911 3115 4972 ecclesie
3184 4912 3267 4974 de
