3619 5868
1168 492 1468 573 Episcopi
1520 493 2002 573 Herejordensis.
2696 496 2816 555 269

352 717 505 796 May
546 718 1025 779 23.—Mandate
1076 724 1136 779 ιο
1184 718 1353 779 John
1398 718 1471 780 de
1518 718 1786 797 Bicterly
1839 725 1896 779 ιο
1935 719 2206 798 proceed,
2250 719 2325 779 in
2356 738 2705 798 pursuance
2743 721 2818 800 os

595 799 801 878 Papal
852 798 1271 870 instructions,
1316 805 1373 860 ιο
1427 819 1662 860 recover
1708 820 1832 878 any
1874 800 2306 861 ecclesiastical
2338 807 2627 879 property
2673 800 2809 862 that

598 879 721 940 had
780 880 921 941 been
974 880 1281 941 alienated
1336 879 1405 940 in
1464 880 1562 941 the
1615 880 1862 949 diocese,
1908 880 2119 958 qivinq
2171 880 2370 941 notice
2427 888 2484 941 ιο
2533 882 2623 941 all
2669 902 2805 942 con-

594 961 824 1033 cemed,
877 961 978 1039 lay
1033 981 1103 1021 or
1149 960 1412 1033 clerical,
1455 968 1658 1041 except
1709 968 1766 1022 ιο
1818 961 1915 1021 the
1971 960 2257 1041 Bishop’s
2307 961 2687 1023 adversaries
2737 983 2808 1023 or

594 1041 882 1119 iqnorant
928 1040 1158 1102 wwnks.

514 1172 863 1250 J[OHANN1]
930 1190 1017 1231 nn:
1074 1172 1890 1252 Burnnnsrn.—-Magistro
1937 1172 1978 1233 J
1999 1172 2278 1251 [ohanni]
2340 1173 2418 1235 de
2473 1173 2812 1253 Buterleye

351 1276 637 1338 salutem.
722 1277 821 1338 De
861 1277 1122 1338 consilio
1165 1277 1551 1356 sapiencium
1578 1277 1754 1338 vobis
1797 1278 2170 1338 mandamus
2213 1278 2527 1358 quatinus,
2557 1284 2818 1359 propter

352 1382 626 1461 aliquam
693 1382 969 1443 litteram
1037 1383 1338 1461 Papalem
1406 1381 1808 1461 duplicatam,
1874 1382 2097 1443 saltem
2160 1403 2235 1444 ea
2296 1402 2417 1462 que
2486 1383 2563 1443 de
2631 1383 2814 1445 bonis

354 1488 635 1550 Ecclesie
671 1489 1151 1550 Herefordensis
1193 1495 1343 1550 sunt
1384 1488 1655 1549 alienata
1701 1489 1765 1548 in
1811 1489 2032 1568 majori
2080 1488 2282 1549 forma
2329 1487 2572 1549 faciatis
2615 1507 2810 1567 quan-

353 1594 616 1654 tocicius
675 1593 963 1673 poteritis
1021 1594 1375 1674 impetrari;
1440 1614 1568 1653 non
1626 1599 1920 1655 caventes
1983 1593 2190 1673 aliquo
2253 1594 2440 1655 modo
2502 1593 2687 1655 alicui
2736 1595 2815 1657 de

351 1705 569 1760 nostro
612 1700 1016 1779 Episcopatu,
1062 1700 1330 1761 maxime
1388 1699 1709 1779 religiosis,
1770 1706 1869 1761 set
1927 1700 2118 1761 cicius
2181 1700 2246 1760 in
2303 1700 2607 1779 judicium
2665 1721 2810 1762 con-

350 1806 619 1865 veniatis
659 1811 723 1866 et
777 1805 985 1867 locum
1027 1806 1079 1867 si
1123 1826 1235 1885 per
1289 1806 1557 1886 aliquem
1607 1805 1704 1868 vel
1754 1805 1995 1885 aliquos
2051 1806 2514 1867 contradicatur
2567 1807 2812 1878 eidem;

350 1911 441 1972 ita
481 1918 695 1973 tamen
750 1914 917 1992 quod
957 1912 1143 1973 alicui
1184 1913 1499 1993 Episcopo
1548 1913 1872 1983 scribatur,
1918 1913 2054 1973 aliis
2103 1933 2215 1975 seu
2265 1913 2368 1973 alii
2410 1913 2696 1975 fidelibus
2745 1919 2810 1976 et

353 2016 418 2075 in
471 2016 608 2096 jure
663 2018 899 2096 peritis,
951 2017 1320 2079 adversariis
1376 2037 1533 2097 quos
1589 2018 1789 2079 nostis
1853 2019 2179 2079 dumtaxat
2233 2019 2547 2099 exceptis;
2605 2024 2669 2080 et
2724 2019 2816 2081 ita

353 2124 520 2201 quod
567 2145 695 2186 non
744 2124 1053 2185 scribatur
1098 2123 1401 2203 religiosis
1450 2124 1777 2203 aliquibus,
1823 2123 1930 2204 qui
1978 2124 2231 2205 penitus
2282 2130 2431 2185 sunt
2479 2125 2696 2205 ignari,
2741 2132 2814 2186 ut
2899 2176 2906 2183 .

351 2234 545 2308 patet,
575 2229 636 2288 in
682 2228 982 2307 pluribus,
1013 2233 1078 2289 et
1118 2228 1321 2289 alieno
1363 2248 1521 2289 ausu
1561 2228 1894 2288 ducuntur.
1981 2229 2066 2289 Et
2109 2228 2254 2308 quia
2296 2229 2373 2290 de
2417 2230 2609 2291 Stoke
2639 2230 2810 2311 Lacy

352 2334 613 2415 queritis
654 2334 812 2395 scire
853 2353 1152 2405 rumoreS,
1196 2334 1497 2395 noveritis
1539 2335 1704 2414 quod
1747 2356 1822 2396 ea
1863 2356 1984 2416 que
2026 2336 2202 2397 vobis
2251 2336 2687 2399 mandavimus
2734 2338 2813 2401 de

351 2442 569 2502 eadem
612 2461 686 2502 ex
727 2441 927 2501 relatu
961 2441 1193 2503 Vicarii
1226 2442 1427 2503 nostri
1460 2442 1525 2501 in
1566 2441 1789 2522 Anglia
1822 2442 2191 2514 habuimus;
2234 2464 2352 2504 nec
2386 2444 2590 2504 adhuc
2624 2445 2812 2506 aliam

350 2546 701 2625 recepimus
748 2546 1188 2607 certitudinem
1238 2548 1315 2608 de
1363 2566 1438 2608 eo
1487 2547 1653 2627 quod
1708 2548 2140 2620 mandabatur,
2191 2569 2307 2610 nec
2355 2549 2433 2610 de
2481 2550 2618 2629 ejus
2668 2571 2814 2611 con·

350 2644 561 2715 trario,
592 2643 878 2723 quamvis
912 2644 1345 2723 scripserimus
1376 2664 1492 2724 pro
1519 2644 1806 2706 habendo
1835 2646 2007 2707 finali
2035 2664 2337 2725 responso
2350 2665 2365 2718 ;
2402 2647 2568 2726 quod
2597 2653 2813 2709 tamen

350 2740 753 2802 habuerimus
803 2741 979 2801 vobis
1033 2761 1145 2820 per
1200 2742 1319 2802 Dei
1372 2742 1646 2822 graciam
1694 2743 2063 2804 innotescet.
2166 2744 2264 2805 De
2319 2749 2491 2805 statu
2547 2750 2612 2805 et
2669 2765 2812 2806 con-

350 2838 595 2899 dicione
649 2838 886 2899 domini
942 2838 1190 2898 Radulfi
1247 2839 1520 2919 Pypard¹
1576 2840 1789 2901 sciatis
1846 2841 2030 2920 quod,
2088 2840 2235 2901 licet
2296 2842 2462 2903 idem
2521 2842 2813 2904 dominus

349 2936 619 3016 plurima
660 2937 939 2998 maneria
978 2936 1207 2998 habeat
1248 2943 1312 2999 et
1353 2937 1599 2999 diversa
1639 2938 1705 2997 in
1744 2938 1983 3018 Anglia,
2024 2939 2257 3000 nullius
2295 2945 2509 3000 tamen
2550 2941 2814 3002 manerii

350 3033 544 3094 nichil
614 3053 837 3113 magne
898 3034 1423 3096 renominacionis
1493 3035 1723 3096 existit.
1827 3035 1906 3094 In
1976 3036 2284 3097 Hibernia
2346 3042 2559 3098 tamen
2621 3038 2813 3099 habet

350 3136 626 3190 castrum
684 3131 851 3210 quod
908 3137 1167 3191 vocatur
1228 3132 1439 3192 Saltus
1501 3132 1851 3204 Salmonis;
1911 3133 2036 3205 ubi,
2087 3139 2152 3194 et
2211 3134 2277 3193 in
2337 3134 2576 3215 Anglia,
2602 3119 2813 3197 'habet

349 3227 507 3289 bene
576 3228 746 3289 mille
814 3228 1002 3289 libras
1064 3234 1228 3290 terre
1290 3228 1768 3310 sterlingorum;
1839 3230 2018 3310 isque
2074 3250 2338 3311 magnus
2394 3232 2688 3294 dominus
2743 3233 2810 3291 in

348 3326 519 3387 omni
563 3331 729 3386 terra
769 3326 1000 3404 poterit
1042 3327 1408 3406 nuncupari.
1494 3327 1589 3387 Ad
1630 3328 1747 3389 hec
1790 3329 2058 3407 qualiter
2098 3329 2393 3390 Decanus
2437 3349 2504 3390 se
2545 3330 2704 3409 gerit
2746 3330 2814 3390 in

347 3423 582 3484 nostris
648 3424 924 3503 negociis
992 3425 1433 3502 promovendis
1501 3424 1682 3486 nobis
1750 3425 1996 3486 faciatis
2058 3432 2364 3488 constare.
2465 3427 2553 3487 Et
2620 3428 2674 3488 si
2737 3449 2815 3489 ex

346 3520 595 3581 officiali
650 3521 951 3582 auditoris
1008 3521 1188 3582 nobis
1244 3522 1311 3580 in
1366 3523 1688 3600 premissis
1745 3522 2216 3584 Cantuariensis
2287 3523 2812 3604 Archiepiscopus

344 3617 535 3698 judex
584 3619 784 3688 detur,
828 3619 1035 3698 ipsum
1092 3619 1451 3680 nullatenus
1500 3620 1820 3681 recusetis.
1919 3620 1997 3679 In
2048 3620 2218 3681 brevi
2275 3621 2582 3700 siquidem
2641 3642 2810 3701 sper-

348 3735 528 3776 amus
561 3720 803 3776 vestras
845 3716 1119 3795 recipere
1160 3717 1420 3787 litterae,
1463 3716 1675 3795 plures
1718 3717 2014 3778 articulos
2057 3717 2488 3778 continentes:
2534 3719 2613 3778 ad
2655 3739 2813 3798 quos

346 3817 560 3874 tamen
602 3812 1003 3874 habuerimus
1046 3814 1217 3893 ipsos
1266 3814 1781 3893 respondebimus
1825 3814 2100 3875 indilate.
2186 3815 2484 3876 Valeatis.
2572 3817 2812 3877 Datum

345 3911 511 3989 apud
553 3910 893 3980 Fontanas,
936 3931 975 3969 x
1018 3911 1335 3972 Kalendas
1376 3910 1417 3971 J
1418 3911 1570 3970 unii.

344 4114 496 4192 May
538 4114 1019 4175 26.—Mandate
1075 4120 1132 4175 ιο
1184 4115 1280 4175 the
1340 4115 1579 4193 Official
1636 4123 1692 4176 ιο
1747 4117 2014 4196 suspensi
2058 4118 2154 4178 the
2195 4120 2638 4197 sequestration
2677 4123 2804 4182 and

587 4194 1171 4256 eaeconvmunication
1225 4196 1295 4274 of
1347 4196 1550 4257 which
1612 4197 1709 4257 the
1770 4197 1965 4258 Abbot
2022 4199 2092 4278 os
2141 4199 2425 4277 Readinq
2490 4201 2598 4262 has
2648 4223 2802 4264 com-

580 4275 856 4354 plained,
900 4276 962 4355 if
1012 4276 1110 4336 the
1150 4276 1337 4337 Prior
1376 4277 1446 4356 of
1478 4277 1860 4339 Leominster
1903 4279 2013 4339 has
2064 4279 2206 4340 been
2247 4282 2536 4353 removed,
2581 4283 2707 4343 and
2748 4284 2811 4363 tf

585 4364 724 4497 ξιοίιὰ
757 4357 1009 4498 aasz&
1052 4379 1093 4418 a
1146 4357 1413 4418 detailed
1452 4366 1653 4438 repert
1696 4359 1770 4436 by
1817 4359 1914 4420 the
1955 4359 2199 4421 Abbot’s
2241 4381 2588 4440 messenqer,
2635 4363 2697 4443 ef
2735 4365 2806 4426 he

509 4567 846 4628 Oris-mum
895 4585 1017 4628 pso
1075 4568 1948 4641 L30M1ms‘rs1A.—Thomas,
2010 4577 2149 4644 etc„
2202 4571 2466 4632 Officiali
2523 4572 2810 4636 salutem.

347 4665 622 4725 Domino
665 4664 905 4726 Abbate
947 4666 1251 4746 Radingie
1294 4667 1371 4727 de
1413 4667 1629 4728 multis
1678 4668 1983 4729 molestiis
2024 4689 2138 4748 per
2179 4689 2290 4730 vos
2334 4669 2452 4730 sibi
2495 4669 2695 4742 factis,
2739 4677 2812 4733 ut

468 4787 695 4834 l—Ralph
732 4787 903 4834 pipard
948 4787 1041 4828 had
1085 4799 1278 4830 mauors
1321 4789 1369 4830 in
1412 4790 1594 4831 several
1638 4791 1870 4838 enunties.
1909 4791 2161 4838 especially
2203 4791 2251 4832 in
2295 4791 2620 4840 oxfordshire.
2656 4795 2816 4838 where

344 4835 863 4884 Rotherfleld-Peppard
912 4838 1005 4879 had
1052 4839 1117 4880 its
1161 4850 1302 4881 name
1348 4838 1473 4881 from
1528 4840 1608 4882 the
1660 4841 1844 4888 family.
1921 4839 2166 4888 (Dugdale.
2213 4843 2474 4890 Baronage.
2519 4855 2562 4891 ρ.
2606 4841 2661 4888 θ).
2743 4847 2816 4893 By

340 4885 674 4984 gqtlxffngelaf
705 4886 899 4982 ιῗῖηοιῖιξῖι
937 4888 1123 4930 lteland
1158 4890 1277 4931 with
1311 4891 1395 4931 the
1440 4889 1559 4936 Κίος
1601 4891 1660 4932 he
1702 4890 1870 4934 owned
1910 4894 1993 4933 the
2036 4893 2205 4933 Manet·
2245 4891 2296 4934 of
2341 4893 2483 4940 Bray.
2551 4889 2710 4938 (Mem.
2755 4895 2814 4938 de
