3619 5868
47 4813 138 4852 1201.
171 4809 270 4851 17b.

1197 555 1498 635 Episcopi
1551 554 2033 633 HercfordensiS.
2768 558 2842 617 47

377 781 840 853 Leoministrie,
864 799 1054 860 quam
1083 780 1149 839 in
1179 781 1460 858 proprios
1489 798 1643 839 usus
1670 778 1904 839 habere
1932 777 2235 850 dicimini,
2268 786 2451 856 prout
2478 778 2850 838 incumbens

376 889 560 950 nobis
589 908 740 949 cura
766 886 1028 967 requirit
1057 893 1374 966 quatenus
1403 884 1726 963 potuimus
1769 902 1969 962 nuper
2010 882 2275 954 executi,
2318 882 2588 962 quedam
2632 901 2743 942 vos
2786 890 2850 943 et

377 995 739 1055 Prior-atum
786 997 1066 1054 vestrum
1125 990 1562 1076 contingencia
1617 990 1684 1049 in
1739 991 1879 1069 ipsa
1912 988 2301 1050 ‚visitacione
2356 1007 2497 1067 que,
2544 994 2851 1067 tanquam

377 1099 629 1160 notoria
657 1104 720 1159 et
749 1096 1110 1167 manifesta,
1142 1096 1496 1156 correcione
1525 1100 1590 1156 et
1620 1094 2069 1155 reformacione
2100 1093 2309 1172 digna,
2352 1093 2530 1154 vobis
2570 1093 2850 1154 seriatim

377 1212 452 1267 ut
498 1203 908 1283 capitulando
955 1202 1431 1263 innotescimus.
1545 1201 1724 1262 Licet
1766 1202 1934 1261 enim
1978 1200 2242 1261 ecclesia
2292 1206 2502 1260 vestra
2545 1199 2848 1278 predicta,

377 1312 545 1373 sicut
589 1318 654 1373 et
696 1330 916 1372 omnes
959 1310 1078 1371 alie
1121 1309 1383 1370 ecclesie
1424 1308 1811 1379 materiales,
1843 1307 2135 1366 omnibus
2177 1305 2413 1367 Christi
2445 1303 2755 1374 fidelibus,
2788 1309 2852 1366 et

378 1418 656 1478 maxime
683 1415 882 1496 ipsius
903 1416 1167 1477 ecclesie
1189 1413 1609 1493 parochianis,
1632 1414 1770 1492 jure
1792 1412 2043 1492 publico
2064 1430 2201 1473 esse
2223 1411 2452 1472 debeat
2475 1411 2847 1484 communis,

373 1532 452 1585 ut
501 1524 764 1602 singulis
813 1522 986 1583 horis
1036 1530 1171 1582 tam
1215 1520 1456 1581 diurnis
1505 1540 1694 1601 quam
1733 1518 2075 1589 nocturnis,
2107 1517 2406 1598 quociens
2448 1536 2605 1596 opus
2638 1516 2845 1591 fuerit,

377 1631 538 1691 liber
584 1636 798 1709 pateat
849 1647 1141 1689 accessus
1183 1628 1420 1706 ingredi
1463 1626 1821 1687 volentibus
1864 1626 1945 1685 ad
1994 1624 2302 1697 eandem;
2375 1644 2591 1685 versus
2635 1632 2849 1685 tamen

376 1746 659 1799 vestram
701 1736 1050 1815 predictam
1093 1734 1424 1794 ecclesiam
1465 1732 1785 1813 quandam
1816 1740 2067 1811 portam
2110 1730 2176 1789 in
2206 1749 2358 1790 usus
2386 1738 2628 1791 vestros
2658 1730 2849 1810 depu-

377 1848 588 1903 tatam
631 1861 770 1903 esse
812 1840 1190 1909 invenimuS‚
1221 1858 1334 1917 per
1376 1839 1559 1917 cujus
1586 1846 1764 1917 porte
1792 1838 2151 1897 clausuram
2180 1836 2370 1897 certis
2400 1836 2569 1897 horis
2598 1855 2711 1916 per
2738 1856 2850 1898 vos

378 1948 459 2007 ad
503 1948 625 2007 hoc
676 1946 1032 2026 assignatis,
1078 1952 1210 2006 tam
1255 1950 1539 2023 tempore
1582 1944 1813 2021 yemali
1855 1963 2046 2024 quam
2092 1943 2360 2015 estivali,
2408 1944 2581 2003 mala
2631 1962 2849 2022 quam-

377 2054 652 2133 plurima
699 2059 867 2114 retro
917 2050 1304 2130 temporibus
1353 2051 1772 2129 contigerunt,
1832 2058 1897 2109 et
1946 2049 2152 2110 adhuc
2202 2049 2463 2128 singulis
2511 2049 2731 2110 diebus
2787 2055 2851 2111 et

379 2159 674 2220 noctibus
703 2159 970 2220 iminent
1001 2167 1065 2218 et
1090 2158 1350 2217 iminere
1371 2164 1670 2235 poterunt
1688 2156 1754 2215 in
1778 2155 2081 2215 futurum.
2154 2155 2323 2215 Ecce
2345 2154 2511 2215 enim
2534 2155 2850 2216 karissimi

378 2266 548 2345 quod
594 2266 1064 2326 sanctissimum
1111 2264 1352 2343 Corpus
1396 2262 1630 2323 Christi
1673 2270 1738 2322 et
1777 2262 2277 2332 immaculatum,
2312 2260 2462 2321 dum
2491 2263 2557 2321 in
2588 2262 2853 2322 ecclesia

377 2370 540 2449 ipsa,
571 2377 826 2450 propter
855 2370 1155 2449 predicta,
1187 2371 1484 2429 continue
1511 2369 1729 2448 reponi
1759 2387 1886 2428 non
1929 2373 2157 2447 potest,
2190 2369 2257 2427 in
2298 2369 2435 2429 loco
2477 2388 2604 2428 non
2648 2387 2847 2440 sacro,

377 2477 542 2537 forte
570 2477 779 2536 lutoso
807 2482 871 2536 et
901 2475 1110 2534 minus
1133 2475 1420 2544 honest0,
1446 2480 1510 2533 et
1534 2474 1712 2553 quasi
1735 2492 1879 2533 cum
1905 2474 2152 2534 modica
2172 2474 2270 2535 vel
2295 2473 2471 2534 nulla
2494 2475 2851 2535 reverencia

377 2589 511 2644 tam
540 2601 838 2661 magnum
869 2588 1002 2642 tam
1026 2582 1231 2641 nobile
1255 2580 1603 2640 misterium
1625 2580 1968 2659 reponitur,
1994 2580 2059 2640 in
2082 2581 2285 2640 tocius
2309 2580 2457 2640 cleri
2478 2581 2849 2641 scandalum

379 2708 510 2749 non
553 2688 892 2759 modicum,
945 2692 1009 2748 et
1050 2694 1274 2747 contra
1315 2686 1670 2747 Christiane
1715 2685 1863 2747 fidei
1912 2686 2293 2765 religionem,
2341 2706 2414 2746 ac
2462 2705 2680 2747 eorum
2728 2706 2851 2767 que

381 2813 572 2872 super
614 2793 957 2854 reverenda
1000 2792 1167 2853 tanti
1217 2792 1480 2852 misterii
1530 2791 1946 2871 disposicione
1998 2811 2037 2852 a
2085 2792 2503 2853 sanctissimis
2554 2791 2850 2854 Patribus

377 2899 694 2960 hactenus
723 2904 1069 2960 noscuntur
1111 2917 1249 2959 esse
1293 2904 1559 2959 statuta.
1647 2897 1815 2958 Ecce
1846 2898 2134 2959 similiter
2175 2897 2341 2978 quod
2385 2904 2849 2960 sacramentum

379 3004 702 3082 baptismi,
733 3004 1017 3065 omnium
1060 3011 1601 3064 sacramentorum
1629 3003 1844 3082 janua,
1876 3003 2299 3082 ingredientes
2337 3004 2741 3066 sanctificans
2784 3011 2849 3066 et

379 3109 462 3170 ab
517 3108 804 3188 originali
859 3116 1124 3188 peccato
1179 3109 1552 3181 emundans,
1605 3108 1918 3190 aliquibus
1976 3109 2147 3170 boris
2202 3111 2282 3170 ob
2336 3110 2615 3190 predicte
2669 3119 2849 3191 porte

379 3215 902 3294 impedimentum
947 3218 1014 3274 in
1056 3233 1151 3286 ea,
1195 3223 1384 3294 prout
1426 3215 1696 3286 deceret,
1742 3215 1901 3276 forte
1951 3216 2364 3277 morientibus
2414 3217 2679 3277 conferri
2722 3238 2848 3279 non

377 3327 634 3400 potest;
679 3319 846 3399 quod
875 3319 1202 3380 honestius
1229 3320 1295 3378 in
1337 3319 1490 3380 locis
1520 3320 1714 3380 sacris
1743 3340 1933 3400 quam
1968 3322 2032 3381 in
2059 3321 2324 3400 privatis
2367 3322 2465 3383 vel
2504 3324 2850 3403 prophanis

379 3427 646 3506 singulis
674 3427 846 3487 horis
875 3432 1040 3487 esset
1069 3426 1538 3498 conferendum,
1572 3427 1626 3487 si
1653 3427 1772 3487 hoc
1802 3427 1965 3488 vires
1993 3429 2430 3507 permitterent
2460 3430 2846 3509 baptizandi.

379 3532 550 3592 Item
580 3531 844 3611 confuge
887 3533 968 3592 ad
995 3532 1327 3593 ecclesiam
1356 3532 1777 3593 immunitatis
1809 3533 2096 3594 habende
2125 3553 2335 3607 causa,
2367 3555 2443 3596 ex
2474 3536 2639 3596 dicte
2666 3545 2848 3615 porte

379 3638 678 3699 clausura
703 3637 769 3697 in
791 3638 1038 3716 urgenti
1057 3638 1452 3699 necessitatis
1475 3638 1739 3699 articulo
1761 3639 2128 3719 plerumque
2150 3640 2487 3718 paciuntur
2506 3643 2847 3721 repulsam,

377 3763 494 3822 per
521 3745 688 3824 quod
719 3744 963 3824 aliquos
994 3744 1550 3823 retrotemporibus
1581 3745 1857 3823 oportuit
1887 3745 2180 3805 ultimum
2212 3746 2419 3806 subire
2448 3747 2846 3827 supplicium,

376 3854 570 3928 prout
589 3869 664 3909 ex
683 3849 1046 3910 testimonio
1062 3848 1514 3928 fidedignorum
1535 3849 1654 3910 hoc
1671 3849 2005 3910 didicimus
2022 3851 2423 3930 competenti.
2484 3853 2850 3934 Acciditque

377 3955 743 4034 frequenter
789 3955 958 4036 quod
1007 3955 1279 4016 ministri
1329 3956 1588 4016 ecclesie
1639 3956 1805 4016 dicte
1855 3956 2158 4037 obsequia
2207 3958 2272 4017 in
2321 3958 2587 4019 ecclesia
2627 3959 2850 4039 exequi

377 4061 750 4124 memorata,
783 4073 857 4114 ac
896 4053 1265 4132 parochiani
1291 4072 1470 4114 orare
1513 4060 1576 4114 et
1618 4072 1835 4133 preces
1865 4055 2188 4115 Altissimo
2218 4056 2534 4117 effundere
2563 4075 2676 4135 pro
2718 4058 2850 4118 suis

377 4159 662 4236 peccatis
691 4158 1084 4231 affectantes,
1115 4177 1227 4237 per
1255 4158 1489 4220 dictam
1519 4168 1770 4238 portam
1797 4160 2056 4232 exclusi,
2090 4160 2241 4220 dum
2269 4160 2507 4240 ingredi
2529 4169 2850 4243 nequeunt

379 4263 632 4325 diutina
681 4267 962 4326 stacione
1010 4265 1240 4326 ibidem
1285 4265 1455 4326 tedio
1498 4266 1726 4339 affecti,
1779 4266 1860 4328 ad
1902 4267 2042 4328 loca
2083 4286 2199 4328 sua
2240 4275 2680 4341 revertuntur3
2737 4288 2850 4349 per

381 4370 552 4450 quod
602 4389 816 4430 eorum
866 4371 1122 4431 devocio
1170 4370 1236 4430 in
1287 4371 1519 4433 talibus
1569 4372 1865 4451 frigescit,
1917 4383 1982 4434 et
2032 4373 2297 4434 ecclesia
2342 4373 2497 4452 ipsa,
2543 4394 2669 4434 non
2714 4376 2850 4438 sine

377 4475 558 4554 gravi
598 4476 895 4554 periculo,
941 4476 1153 4556 sepius
1196 4477 1327 4536 suis
1367 4477 1596 4537 debitis
1639 4477 2067 4551 defraudatur,
2105 4487 2168 4539 et
2212 4500 2287 4541 ex
2331 4481 2449 4541 hoc
2493 4481 2848 4544 animarum

378 4601 537 4643 cura
585 4581 1014 4642 indubitanter
1061 4581 1395 4661 negligitur
1444 4583 1508 4642 in
1559 4583 1800 4645 eadem.
1910 4585 2051 4646 Hec
2101 4593 2163 4646 et
2214 4587 2341 4647 alia
2388 4589 2853 4667 quamplurima

377 4688 665 4768 pericula
705 4687 992 4759 iminent,
1038 4692 1102 4748 et
1144 4687 1404 4748 iminere
1448 4696 1765 4768 poterunt,
1797 4691 1852 4751 si
1891 4699 2239 4752 memorata
2278 4700 2464 4772 porta
2491 4695 2555 4752 in
2584 4694 2851 4773 pristino

380 4799 560 4856 statu
576 4802 920 4865 remaneat,
940 4798 1126 4873 prout
1146 4794 1358 4854 omnia
1378 4796 1687 4874 premissa
1707 4798 1961 4859 oculata
1982 4798 2106 4858 fide
2123 4799 2510 4878 perpendere
2526 4801 2851 4879 potuimus

379 4901 545 4963 satis
574 4901 915 4962 evidenter.
1002 4899 1097 4960 Ad
1129 4899 1245 4959 hec
1274 4919 1417 4960 cum
1447 4901 1514 4960 in
1552 4902 1816 4981 singulis
1845 4904 2123 4964 ecclesiis
2152 4904 2615 4984 parochialibus
2657 4907 2850 4984 hujus
