3619 5868
752 540 872 600 270
1393 538 1749 617 Reyistrum
1805 538 2024 600 Thome
2077 538 2150 599 de
2209 539 2540 620 Cantibupo

751 761 997 834 dicitur,
1038 762 1218 823 nobis
1266 782 1467 842 nuper
1520 782 1699 823 suam
1748 763 2079 842 epistolam
2122 764 2609 836 transmittente,
2654 765 2770 826 sibi
2812 786 2924 844 per
2964 766 3211 827 litteras

752 873 1000 930 nostras
1049 869 1579 948 respondebamus
1620 875 1807 949 prout
1857 870 2037 930 nobis
2079 870 2283 931 visum
2335 874 2477 950 [est]
2522 873 3023 951 respondendum
3077 873 3212 936 fore

752 975 830 1035 de
883 975 1020 1054 jure
1083 975 1216 1036 sine
1278 974 1621 1054 prejudicio
1684 976 2003 1036 sentencie
2061 977 2373 1048 melioris;
2438 978 2617 1057 cujus
2687 979 2968 1058 responsi
3038 985 3209 1040 tran-

750 1080 1054 1160 scriptum
1096 1081 1356 1142 inferius
1397 1081 1790 1152 continetur;
1843 1083 2214 1144 mandantes
2256 1083 2432 1145 vobis
2472 1085 2771 1164 quatinus
2812 1091 3209 1165 sequestrum

750 1192 815 1247 et
884 1186 1567 1248 excommunicaciones
1635 1207 1790 1266 quas
1859 1187 2094 1248 tulistis
2164 1188 2370 1249 solum
2428 1195 2684 1271 propter
2752 1190 3209 1252 ammocionem

749 1295 986 1356 Prioris
1029 1294 1489 1367 Leoministrie,
1520 1300 1590 1354 ut
1631 1295 1914 1366 refertur,
1944 1295 1998 1355 si
2040 1294 2130 1355 ita
2164 1294 2368 1367 fuerit,
2409 1296 2731 1368 revocetis,
2763 1296 2816 1357 si
2854 1297 3209 1376 predictum

748 1400 1031 1460 Priorem
1074 1401 1327 1460 reducat
1377 1400 1441 1459 in
1484 1399 1821 1479 pristinum
1872 1405 2147 1472 statum;
2205 1403 2371 1481 quod
2420 1402 2474 1462 si
2523 1401 2727 1463 facere
2774 1403 2893 1463 hoc
2940 1409 3207 1474 recuset,

748 1525 969 1567 omnes
1012 1526 1233 1566 causas
1275 1506 1582 1585 sequestri
1624 1511 1688 1566 et
1736 1506 2457 1567 excommunicacionum
2491 1513 2858 1579 vestrarum,
2903 1508 3103 1580 nobis,
3153 1509 3209 1570 si

749 1611 956 1672 dictus
986 1611 1194 1672 Abbas
1236 1631 1380 1691 erga
1422 1632 1534 1672 vos
1574 1611 1786 1683 instet,
1830 1632 1942 1691 per
1984 1612 2179 1691 ipsius
2222 1612 2523 1673 nuncium
2565 1613 2878 1674 nuncietis
2911 1614 3213 1676 distincte

746 1718 983 1796 pariter
1024 1722 1087 1778 et
1129 1723 1359 1796 aperte.
1448 1718 1512 1778 Si
1555 1738 1700 1778 vero
1749 1738 1961 1779 coram
2003 1724 2219 1780 nostro
2264 1719 2513 1780 Vicario
2554 1719 2889 1798 procedere
2921 1720 3208 1792 voluerit,

746 1824 954 1903 placet
996 1823 1192 1885 nobis.
1277 1824 1573 1884 Valeatis.
1659 1825 1896 1884 Datum
1940 1825 2107 1903 apud
2148 1825 2487 1892 Fontanas.
2523 1826 2605 1905 vij
2654 1826 2971 1887 Kalendas
3012 1828 3052 1888 J
3054 1828 3209 1898 unii,

747 1950 913 1991 anno
955 1931 1231 2001 Domini,
1274 1935 1412 1999 etc„
1458 1930 1729 1988 LXXX⁰
1775 1930 2058 2009 [primo].

746 2160 958 2220 Letter
1000 2167 1058 2220 to
1103 2159 1199 2220 the
1240 2159 1434 2220 Abbot
1474 2160 1544 2238 of
1577 2159 1881 2238 Readinq,
1925 2160 2253 2239 appealinq
2299 2167 2356 2221 to
2400 2160 2530 2221 him
2570 2161 2642 2222 in
2684 2162 2780 2222 the
2822 2164 3102 2224 interest-3
3143 2165 3218 2244 of

983 2261 1183 2320 peace,
1231 2247 1287 2300 to
1330 2260 1556 2300 remove
1585 2241 1754 2320 from
1797 2241 1956 2318 office
2008 2241 2104 2301 the
2152 2240 2331 2301 monk
2372 2241 2504 2302 who
2546 2242 2602 2303 is
2647 2243 2744 2303 the
2784 2264 2964 2304 cause
3006 2250 3069 2323 oj
3111 2245 3211 2306 the

990 2321 1251 2400 disputo.
1335 2321 1590 2399 Failinq
1634 2321 1768 2380 that
1813 2321 1889 2380 let
1935 2321 2064 2381 him
2100 2322 2247 2381 send
2280 2322 2681 2401 particular-3,
2711 2344 2781 2384 as
2826 2324 2923 2384 the
2971 2325 3213 2404 Official

989 2401 1122 2461 will
1161 2402 1238 2462 do
1280 2422 1359 2462 on
1402 2401 1497 2461 his
1540 2401 1688 2471 side,
1723 2409 1780 2462 to
1825 2402 1921 2462 the
1956 2402 2192 2481 Bishop
2212 2424 2235 2471 ,·
2279 2423 2349 2462 or
2387 2402 2457 2463 he
2492 2424 2610 2464 can
2643 2403 2821 2483 brinq
2856 2405 2953 2466 the
2986 2413 3211 2468 meter

991 2483 1184 2562 before
1227 2483 1324 2543 the
1376 2483 1867 2553 Vicar·General,
1896 2483 2029 2542 who
2070 2483 2202 2542 will
2239 2483 2316 2544 do
2348 2483 2595 2562 justice.

911 2627 1156 2687 ABBA'rr
1204 2626 1864 2687 {tamma—Abbati
1914 2627 2218 2707 Radingie
2274 2627 2560 2689 salutem.
2657 2629 2835 2690 Licet
2877 2630 3056 2691 vobis
3097 2636 3210 2692 aut

741 2733 1083 2814 privilegiis
1130 2733 1356 2794 vestris
1404 2732 1815 2812 prejudicium
1873 2732 2075 2792 facere
2123 2753 2446 2812 nunquam
2496 2734 2561 2793 in
2611 2739 2822 2796 mente
2872 2736 3212 2798 habuimus

744 2839 842 2901 vel
892 2841 1228 2909 habemus;
1286 2859 1447 2918 equa
1497 2844 1706 2899 tamen
1755 2839 1914 2898 libra
1964 2839 2199 2898 factum
2250 2838 2549 2899 Officialis
2591 2841 2790 2900 nostri
2834 2841 2971 2901 sine
3020 2862 3210 2903 cause

743 2949 1106 3029 cognicione
1154 2968 1282 3009 non
1330 2946 1628 3007 debemus
1674 2948 1767 3025 (ut
1817 2947 2041 3027 nostis)
2095 2947 2173 3006 ad
2229 2946 2493 3024 alicujus
2542 2946 3008 3025 suggestionem
3059 2947 3209 3007 sim-

742 3057 969 3137 plicem
1029 3056 1307 3118 totaliter
1367 3075 1672 3116 revocare.
1774 3056 1868 3116 Ut
1925 3055 2113 3134 igitur
2168 3054 2418 3134 utrique
2475 3055 2659 3133 parti,
2709 3055 3009 3134 quatinus
3070 3056 3213 3117 sine

739 3164 897 3244 juris
953 3163 1195 3224 offensa
1249 3161 1612 3241 poterimus,
1662 3161 2038 3240 placeamus,
2096 3167 2369 3222 vestram
2424 3160 2752 3221 caritatem
2808 3161 2873 3219 in
2931 3162 3215 3223 Domino

742 3270 1149 3348 deprecamur
1190 3268 1504 3347 quatinus,
1540 3272 1796 3346 propter
1837 3266 2071 3327 bonum
2115 3266 2287 3345 pacis
2328 3267 2494 3346 quod
2523 3267 2844 3338 vellemus,
2876 3268 3112 3339 sciatiS,
3142 3276 3213 3331 et

741 3396 855 3438 vos
903 3376 1060 3436 velle
1110 3374 1367 3444 debetis,
1420 3374 1745 3433 materiam
1789 3372 2001 3433 licium
2053 3378 2424 3443 resecantem,
2472 3373 2851 3434 monachum
2901 3380 3210 3446 vestrum,

739 3482 990 3542 racione
1046 3479 1226 3560 cujus
1281 3485 1494 3540 exorta
1549 3484 1644 3540 est
1693 3480 1809 3538 hec
1852 3479 2160 3539 dissensio
2207 3498 2393 3557 quam
2439 3478 2804 3549 mandastis,
2863 3480 3073 3541 velitis
3126 3481 3211 3541 ad

741 3594 978 3650 statum
1015 3587 1352 3667 pristinum
1386 3606 1692 3654 revocare,
1722 3605 1921 3664 usque
1963 3584 2040 3643 ad
2085 3584 2420 3644 adventum
2461 3589 2749 3645 nostrum
2782 3584 2847 3643 in
2878 3584 3208 3664 Angliam;

742 3694 908 3773 quod
959 3692 1076 3753 erit
1125 3692 1191 3750 in
1239 3691 1430 3760 brevi,
1482 3690 1754 3750 Domino
1804 3689 2202 3751 concedente.
2288 3689 2468 3763 Quod
2510 3689 2563 3749 si
2614 3689 2817 3749 facere
2859 3691 3206 3763 volueritiS,

741 3799 1006 3859 Officiali
1049 3802 1266 3858 nostro
1314 3797 1687 3856 mandamus
1729 3795 1895 3875 quod
1937 3795 2148 3855 omnia
2190 3815 2310 3874 que
2353 3800 2570 3855 contra
2611 3814 2723 3855 vos
2766 3800 2830 3855 et
2873 3796 3207 3857 ecclesiam

741 3911 1013 3966 vestram
1050 3902 1518 3982 attemptaverit
1576 3947 1884 3961 .....
1890 3904 1909 3936 ¹
1949 3908 2198 3963 revocet
2240 3901 2514 3961 indilate.
2600 3901 2687 3960 Et
2729 3902 2783 3961 si
2821 3902 2995 3962 istud
3029 3903 3210 3965 vobis

741 4030 867 4070 non
928 4009 1170 4088 placeat
1226 4026 1689 4086 usquequaque,
1746 4006 1948 4067 eidem
2007 4006 2268 4067 Officiali
2327 4011 2543 4066 nostro
2602 4005 2718 4066 sub
2774 4006 3208 4085 disjunccione

741 4114 1114 4174 mandamus
1163 4113 1328 4192 quod
1377 4132 1598 4173 causas
1641 4112 1947 4190 sequestri
1990 4117 2054 4172 et
2096 4111 2818 4173 excommunicacionum
2868 4113 2933 4171 in
2978 4114 3207 4175 vestris

740 4220 922 4280 nobis
980 4219 1188 4280 missis
1243 4219 1469 4279 litteris
1525 4223 1961 4278 contentarum
2006 4217 2186 4279 nobis
2228 4218 2526 4278 rescribat
2566 4238 2681 4297 per
2720 4224 3003 4279 vestrum
3045 4240 3201 4280 nun-

743 4324 909 4385 cium
955 4324 1008 4384 si
1051 4322 1274 4393 velitis,
1319 4342 1552 4401 vosque
1595 4322 1658 4380 in
1711 4323 1827 4381 hac
1871 4342 2058 4382 causa
2101 4322 2153 4382 si
2196 4322 2483 4401 expedire
2524 4322 2823 4391 videritis,
2867 4344 2984 4402 pro
3025 4330 3203 4404 parte

741 4436 950 4491 vestra
992 4428 1170 4488 nobis
1213 4428 1500 4497 mittatis,
1547 4448 1673 4487 una
1715 4448 1855 4487 cum
1901 4428 2050 4487 dicti
2103 4427 2399 4488 Officialis
2442 4447 2761 4506 responso,
2805 4449 2928 4505 que
2973 4430 3203 4491 fuerint

742 4532 1246 4602 transmittenda,
1297 4538 1368 4592 ut
1426 4553 1541 4593 nos
1602 4552 1714 4611 per
1774 4532 2100 4611 utriusque
2163 4552 2534 4611 responsum
2589 4534 2919 4594 veritatem
2981 4536 3201 4596 elicere

740 4640 1061 4701 valeamus
1117 4643 1180 4698 et
1235 4636 1436 4698 facere
1492 4638 1658 4717 quod
1715 4643 1812 4698 est
1866 4639 2127 4716 justum.
2223 4638 2403 4711 Quod
2460 4638 2512 4698 si
2568 4643 2834 4718 utraque
2892 4640 3199 4700 dictarum

739 4745 1000 4814 viarum,
1047 4743 1293 4803 racione
1343 4743 1682 4812 dilacionis,
1735 4743 2155 4822 prejudicialis
2204 4742 2381 4803 vobis
2423 4742 2501 4802 ab
2542 4743 2855 4822 aliquibus
2897 4745 3197 4816 videatur,

739 4873 884 4915 ecce
912 4852 1228 4913 Vicarium
1273 4851 1574 4911 habemus
1617 4852 1682 4910 in
1718 4851 1940 4930 Anglia
1975 4850 2364 4921 GenemIem,
2395 4850 2597 4910 virum
2636 4851 2701 4909 in
2737 4851 2876 4930 jure
2908 4853 3202 4932 peritum,

1596 4987 1775 5027 l—'l'wo
1800 4986 1958 5027 words
1986 4998 2067 5026 are
2095 4990 2176 5027 not
2204 4986 2344 5027 clear.
