3619 5868
455 1730 552 1773 Pol.
579 1731 645 1771 2⁷.

767 511 846 570 84
1409 509 1764 588 Reqistrum
1820 509 2040 571 Thome
2092 510 2167 571 de
2238 509 2570 590 Cantilupo

765 732 1228 805 Herefordensi,
1261 749 1331 793 ut
1367 734 1560 805 scitis,
1592 740 1654 793 et
1687 733 2071 813 prebendam
2106 753 2227 813 que
2259 733 2433 812 prius
2472 733 2589 793 fuit
2628 733 2862 793 domini
2900 731 3239 794 Edmundi

762 836 828 897 in
893 838 1156 898 ecclesia
1216 838 1514 917 predicta,
1581 858 1726 898 caro
1789 844 2003 899 nostro
2067 839 2365 916 magistro
2432 839 2701 900 Ricardo
2757 839 2835 899 de
2914 838 3243 899 stratford

764 942 1145 1002 contulimus
1229 942 1462 1003 intuitu
1545 944 1849 1013 caritatiS,
1921 943 2097 1005 vobis
2180 944 2559 1005 mandamus
2640 944 2938 1024 quatinus
3020 944 3237 1003 dictos

765 1048 1172 1109 Edmundum
1229 1060 1294 1108 et
1350 1049 1688 1109 Ricardum
1745 1049 2089 1130 quemlibet
2132 1050 2195 1109 in
2255 1068 2366 1110 sue
2406 1049 2721 1129 prebende
2763 1050 3241 1130 possessionem

762 1155 1144 1232 corporalem
1190 1175 1336 1215 cum
1378 1156 1784 1234 pertinenciis
1834 1155 2169 1227 inducatis,
2217 1162 2338 1217 etc.
2426 1157 2665 1217 Datum
2709 1154 3071 1225 Cantuarie,
3120 1154 3237 1233 viij

763 1259 919 1321 Idus
961 1260 1134 1321 Julii.

763 1480 916 1559 July
960 1485 1014 1552 9,
1058 1480 1488 1542 1276.—Writ
1531 1489 1588 1542 ιο
1640 1482 1738 1543 the
1786 1482 2025 1561 Sheriff
2059 1486 2121 1563 os
2172 1482 2663 1545 Worcestershire
2716 1490 2773 1543 ιο
2822 1483 3099 1545 distrain
3146 1504 3237 1545 on

1007 1561 1104 1621 the
1145 1562 1306 1621 Earl
1346 1562 1416 1641 of
1453 1562 1817 1623 Gloucester.

929 1719 1062 1779 Rex
1105 1718 1471 1780 Vicecomiti
1516 1718 1855 1797 Wygornie
1905 1718 2193 1779 salutem.
2300 1718 2686 1797 Precipimus
2738 1719 2853 1778 tibi
2894 1720 3063 1799 quod
3106 1720 3237 1781 dis-

759 1826 999 1905 tringas
1043 1826 1394 1885 Gilbertum
1441 1824 1518 1885 de
1563 1825 1764 1896 Clare,
1809 1832 1931 1885 etc.
2025 1870 2038 1885 .
2128 1868 2143 1887 .
2230 1832 2301 1884 ut
2344 1844 2535 1903 supra
2580 1828 2664 1905 (p.
2714 1826 2841 1905 53).

921 1933 1108 1993 Teste
1147 1931 1471 2013 R[adulfo]
1527 1932 1604 1991 de
1651 1930 1990 2010 Hengham
2033 1931 2201 2008 apud
2243 1931 2537 2010 Reyleye,
2589 1930 2651 1990 ix
2696 1932 2796 1992 die
2838 1930 3013 2004 Julii,
3058 1950 3235 1992 anno

761 2039 936 2115 regni
977 2038 1174 2098 nostri
1216 2045 1462 2117 quarto·

761 2266 1024 2329 Similar
1061 2266 1206 2327 writ
1253 2275 1311 2328 ιο
1355 2266 1452 2327 the
1496 2266 1734 2345 Shertff
1766 2267 1837 2347 os
1876 2265 2407 2327 Gloucestershire.

925 2422 1059 2482 Rex
1129 2421 1494 2481 Vicecomiti
1553 2420 1946 2482 Gloucestrie
2002 2420 2295 2481 salutem.
2420 2422 2807 2501 Precipimus
2870 2423 3003 2495 tibi,
3063 2424 3228 2484 sicut

761 2526 920 2588 alias
990 2526 1104 2586 tibi
1172 2526 1582 2605 precepimus,
1658 2525 1827 2605 quod
1898 2543 2026 2586 non
2094 2527 2354 2587 omittas
2423 2534 2680 2607 propter
2749 2512 3074 2589 libertates
3146 2531 3227 2591 de

759 2633 1158 2711 Thekesbyre
1203 2641 1264 2692 et
1307 2631 1675 2692 Thornbure
1717 2632 1869 2711 quin
1913 2630 2254 2710 distringas
2298 2632 2652 2694 Gilbertum
2701 2633 2778 2694 de
2822 2634 3027 2708 Clare,
3058 2642 3177 2695 etc.
3212 2656 3229 2707 ;

761 2745 826 2799 et
868 2738 1032 2819 quod
1075 2737 1310 2799 habeas
1351 2757 1576 2817 corpus
1618 2738 1756 2815 ejus
1797 2755 2009 2797 coram
2058 2737 2240 2798 nobis
2284 2757 2321 2797 a
2366 2738 2465 2798 die
2524 2738 2741 2799 Sancti
2786 2740 3119 2801 Michaelis
3162 2742 3231 2802 in

760 2864 841 2904 xv
882 2844 1018 2904 dies
1059 2842 1434 2923 ubicunque,
1479 2850 1639 2915 etc.;
1685 2842 1762 2903 ad
1805 2842 2309 2920 respondendum
2360 2842 2619 2915 Thome,
2664 2843 2985 2924 Episcopo
3030 2846 3230 2905 Here—

760 2951 1052 3023 fordensi,
1112 2951 1191 3010 de
1246 2951 1477 3029 placito
1531 2969 1748 3030 quare,
1797 2956 1917 3010 etc.
2025 2949 2413 3029 Precipimus
2479 2950 2680 3012 eciam
2727 2951 2841 3011 tibi
2889 2952 3058 3032 quod
3100 2973 3233 3012 non

759 3055 1015 3116 omittas
1075 3062 1329 3134 propter
1389 3054 1654 3116 eandem
1713 3054 2069 3115 libertatem
2132 3055 2281 3136 quin
2346 3055 2584 3117 habeas
2640 3075 2854 3117 coram
2914 3058 3097 3118 nobis
3146 3059 3231 3118 ad

761 3161 1076 3240 prefatum
1173 3160 1510 3221 terminum
1587 3161 1649 3220 xl
1733 3161 1965 3222 solidos
2049 3179 2206 3239 quos
2285 3161 2419 3222 fieri
2502 3162 2705 3223 fecisti
2794 3162 2873 3222 de
2958 3163 3232 3226 exitibus

757 3267 1022 3347 predicti
1085 3267 1402 3346 Episcopi,
1473 3275 1659 3346 prout
1733 3267 1915 3327 nobis
1985 3267 2303 3328 mandasti
2383 3287 2423 3328 a
2482 3267 2583 3328 die
2629 3269 2846 3329 Sancti
2916 3269 2955 3329 J
2958 3268 3231 3331 ohannis

761 3375 1048 3454 Baptiste
1105 3374 1170 3434 in
1219 3393 1295 3435 xv
1337 3374 1491 3435 dies.
1599 3373 1892 3454 Alioquin
1934 3373 2013 3434 de
2060 3372 2243 3434 terris
2288 3381 2352 3434 et
2394 3373 2643 3434 catallis
2688 3374 2815 3434 tuis
2861 3374 2997 3435 fieri
3040 3374 3231 3435 facie-

760 3500 920 3542 mus.
1008 3481 1095 3539 Et
1138 3479 1372 3540 habeas
1413 3479 1499 3540 ibi
1545 3478 1664 3540 hoc
1708 3479 1915 3542 breve.
2002 3479 2209 3552 Teste,
2254 3487 2374 3540 etc.

761 3710 923 3771 June
967 3713 1064 3780 14,
1113 3710 1586 3771 1276.—Letter
1631 3711 1701 3790 of
1734 3710 2037 3770 Humbert
2080 3709 2155 3770 de
2224 3709 2461 3780 Yanua‚
2510 3709 2778 3770 Ghanter
2824 3711 2896 3790 of
2940 3711 3039 3772 the
3094 3732 3225 3772 new

1007 3791 1253 3852 Ghurch
1311 3791 1381 3871 of
1437 3791 1528 3851 St.
1598 3791 1941 3862 Gatherine,
2004 3798 2071 3851 αι
2131 3791 2487 3869 Aquabella,
2549 3791 2914 3870 submittinq
2980 3792 3235 3871 himself

1002 3871 1425 3949 unreservedly
1483 3879 1541 3934 ιο
1601 3872 1698 3932 the
1753 3872 2025 3932 decision
2076 3871 2148 3950 of
2209 3871 2306 3932 the
2360 3871 2597 3950 Bishop
2653 3871 2725 3932 in
2780 3872 2878 3932 the
2933 3873 3225 3952 disputed

1003 3952 1190 4012 claim
1246 3959 1304 4012 ιο
1362 3952 1459 4013 the
1510 3952 1778 4032 prebend
1833 3952 1903 4031 os
1962 3952 2325 4023 Inkberrow,
2396 3951 2597 4012 which
2663 3972 2789 4013 was
2860 3953 3057 4032 before
3126 3954 3227 4014 the

1002 4033 1207 4111 Papal
1267 4033 1472 4093 Court.
1589 4033 1750 4094 June
1812 4036 1909 4105 21,
1980 4032 2508 4093 lma—similar
2572 4033 2744 4094 letter
2810 4034 2880 4113 of
2943 4035 3227 4095 William

1000 4114 1247 4192 Ruffus,
1308 4112 1640 4193 presbyter.
1775 4113 1900 4174 The
1980 4114 2264 4193 Bishop's
2354 4113 2627 4174 decision
2704 4113 2777 4174 in
2844 4115 3080 4194 favour
3157 4116 3235 4195 of

1012 4194 1290 4255 William
1335 4194 1582 4273 Ruffus.

925 4351 1234 4413 Omnibus
1262 4351 1495 4412 Christi
1524 4351 1813 4411 fidelibus
1842 4355 2165 4430 presentes
2196 4349 2445 4409 litteras
2490 4349 2889 4428 inspecturis,
2922 4351 3225 4424 Thomas,

759 4463 904 4529 etc„
951 4457 1223 4518 salutem
1262 4456 1330 4517 in
1374 4456 1649 4518 Domino
1690 4457 2162 4534 sempiternam.
2268 4455 2546 4516 Litteras
2598 4455 2949 4517 Reverendi
2996 4458 3229 4528 Patris,

762 4563 1018 4624 Domini
1099 4563 1370 4633 Girardi,
1457 4562 1578 4623 Dei
1658 4564 1872 4641 gracia
1950 4560 2249 4640 Episcopi
2331 4560 2767 4632 Virdunensis,
2840 4567 2905 4622 et
2991 4562 3231 4624 domini

761 4667 1099 4728 Humberti
1156 4666 1232 4727 de
1288 4667 1532 4739 Yanua,
1584 4666 1931 4746 presbiteri,
1988 4665 2249 4727 ecclesie
2312 4684 2471 4727 nove
2527 4665 2728 4726 Beate
2787 4665 3091 4729 Katerine
3147 4668 3227 4730 de

761 4775 943 4854 Aqua
995 4772 1202 4834 Bella²
1249 4773 1560 4845 Cameris,
1614 4773 1836 4852 sigillis
1894 4773 2174 4832 munitas
2223 4776 2287 4832 et
2333 4790 2411 4830 ex
2455 4777 2633 4850 parte
2691 4771 2841 4832 dicti
2886 4771 3231 4836 Humberti

907 4908 1091 4949 l—This
1121 4907 1374 4956 collemate
1398 4909 1588 4950 Church
1613 4919 1716 4950 was
1749 4905 1954 4948 founded
1989 4906 2050 4954 by
2086 4907 2263 4954 Bishop
2298 4907 2439 4947 Peter
2462 4904 2521 4948 de
2541 4905 2846 4954 Aquablanca
2871 4905 2948 4949 for
2973 4921 3003 4950 a
3032 4910 3237 4952 Provost

755 4957 848 5000 and
875 4958 1044 5001 twelve
1071 4958 1401 5005 prehendat-ies
1426 4969 1486 4999 on
1512 4959 1595 4999 the
1623 4957 1774 4998 model
1799 4955 1851 4999 of
1878 4955 2110 4998 Hereford
2137 4957 2420 5001 Cathedrah
2456 4969 2501 4997 v.
2532 4957 2875 5000 Introduction.
