3619 5868
91 3692 188 3734 Fol.

215 3694 278 3735 ⁴6.

1211 527 1511 608 Episcopi
1562 527 2044 607 Heresordemis.
2739 529 2858 590 165

395 753 474 813 ad
528 753 882 833 predictum
937 757 1187 832 tempus
1245 752 1446 814 valeat
1503 753 1850 825 vendicare,
1902 758 1999 814 set
2054 758 2126 813 ut
2180 774 2293 815 vos
2348 753 2603 815 nomine
2658 755 2858 834 ipsius

389 863 714 938 tamquam
771 858 1062 938 sperandi
1105 858 1390 919 Rectoris
1439 859 1790 919 custodiam
1848 858 2149 920 habeatis.
2233 859 2529 922 Valeatis.
2617 861 2857 920 Datum

391 967 558 1046 apud
613 946 967 1026 Bedefunte
1021 964 1088 1024 in
1145 965 1334 1026 Festo
1391 966 1588 1027 Beate
1647 966 1848 1028 Maris
1898 966 2286 1047 Magdalene,
2346 967 2857 1030 consecracionis

396 1076 610 1132 nostre
653 1090 820 1130 anno
862 1071 1076 1132 tercio.

391 1342 555 1421 Sept.
605 1341 917 1402 ‚ea—The
963 1340 1162 1420 riqhts
1211 1343 1282 1432 os
1331 1342 1428 1402 the
1480 1349 1712 1421 patron
1761 1349 1819 1402 ιο
1871 1342 1968 1403 the
2028 1342 2274 1403 Ghurch
2320 1343 2391 1422 os
2444 1343 2699 1404 Chetton
2748 1364 2854 1404 are

635 1430 692 1482 ιο
733 1422 974 1483 romain
1010 1428 1332 1483 meantime
1379 1423 1736 1502 umffected,
1785 1423 1913 1483 and
1961 1423 2321 1503 afterwards
2360 1425 2469 1503 sor
2508 1445 2573 1484 so
2618 1424 2755 1503 long]
2814 1445 2857 1485 a

636 1503 778 1564 time
819 1523 890 1564 as
938 1503 1249 1564 remained
1297 1504 1367 1580 of
1416 1503 1513 1564 the
1564 1504 1718 1581 ἱεραὶ
1757 1503 1977 1583 period
2024 1511 2090 1564 αι
2142 1505 2239 1565 the
2278 1504 2420 1565 date
2461 1505 2531 1585 of
2582 1504 2678 1566 his
2715 1526 2853 1585 pre-

633 1584 941 1644 sentatio‘n
979 1586 1050 1664 os
1097 1584 1315 1663 Philip
1359 1584 1634 1644 Burnell.

559 1740 732 1799 I'rmu
790 1739 1644 1801 Omrm'rons.—Volumus
1701 1740 1901 1801 eciam
1963 1740 2147 1820 quod,
2199 1761 2238 1802 a
2304 1747 2585 1820 tempore
2652 1742 2857 1820 prime

388 1846 882 1926 presentacionis
930 1846 1169 1925 prefate
1225 1866 1422 1926 usque
1479 1847 1557 1907 ad
1604 1846 1957 1925 predictum
2008 1846 2269 1907 Festum
2312 1846 2613 1906 Omnium
2658 1847 2849 1908 Sanc-

391 1958 598 2013 torum
641 1958 976 2012 venturum
1030 1953 1389 2032 supradicto
1443 1958 1708 2031 patrono
1763 1952 2006 2012 nullum
2062 1952 2175 2012 fiat
2216 1952 2647 2032 prejudicium,
2692 1953 2845 2032 quin

391 2058 603 2130 alium,
647 2060 702 2119 si
742 2059 982 2120 videret
1021 2060 1326 2139 expedire,
1355 2065 1502 2140 post
1541 2060 1781 2120 dictum
1824 2060 2165 2120 terminum
2206 2060 2408 2139 possit
2449 2065 2844 2139 presentare;

391 2170 571 2226 tanto
630 2167 930 2246 temporis
987 2172 1351 2228 remanente
1412 2171 1719 2246 quantum
1777 2166 1897 2228 sibi
1955 2167 2281 2246 competiit
2338 2168 2588 2246 quando
2650 2168 2855 2248 primo

391 2271 775 2350 presentavit
843 2272 1194 2350 predictum
1263 2271 1626 2352 Philippum
1697 2272 1973 2343 Burnel;
2045 2293 2117 2332 ac
2185 2273 2383 2333 eciam
2447 2273 2650 2334 eidem
2718 2293 2857 2354 pre-

394 2383 642 2439 sentato
675 2378 752 2439 de
787 2362 1186 2440 admissionis
1217 2379 1424 2458 gracia
1457 2379 1799 2457 optinenda
1832 2378 2027 2438 nichil
2060 2378 2353 2458 depereat
2381 2379 2479 2439 vel
2517 2379 2855 2440 decrescat.

393 2482 632 2542 Datum
688 2483 855 2562 apud
910 2482 1204 2544 Castrum
1259 2483 1578 2562 Episcopi,
1620 2483 1680 2562 vj
1729 2482 2046 2543 Kalendas
2090 2482 2397 2554 Octobris,
2443 2503 2609 2544 anno
2650 2483 2857 2563 gracie

398 2589 861 2650 M⁰GG0LXX0
903 2594 1142 2650 octavo.

394 2876 556 2937 June
601 2875 950 2955 4.—-Royal
993 2875 1282 2937 mandate
1332 2882 1389 2936 ιο
1461 2875 1558 2936 the
1632 2875 1959 2936 Treasurer
2006 2874 2132 2936 and
2192 2874 2288 2936 the
2337 2876 2577 2937 Barons
2633 2875 2703 2956 of
2754 2875 2853 2937 the

633 2958 992 3035 Exchequer
1048 2964 1106 3018 ιο
1150 2978 1242 3017 see
1310 2956 1442 3017 that
1513 2956 1755 3036 Joseph,
1799 2956 1986 3017 Prior
2054 2956 2125 3036 of
2161 2956 2259 3017 the
2326 2956 2740 3036 Hospitallers
2782 2958 2854 3017 in

635 3038 944 3116 Enqland,
1003 3038 1128 3098 and
1183 3037 1482 3108 Richard,
1549 3037 1813 3098 Warden
1866 3038 1935 3116 of
1999 3036 2095 3097 the
2163 3037 2462 3117 Hospital
2527 3044 2595 3098 αι
2649 3038 2852 3099 Buch-

636 3119 800 3189 land,
849 3139 978 3198 pay
1038 3126 1095 3179 ιο
1153 3119 1250 3179 the
1311 3118 1547 3197 Bislwp
1613 3118 1708 3178 the
1769 3124 2125 3195 twenty-one
2178 3118 2421 3197 pounds
2484 3118 2693 3196 yearly
2745 3120 2855 3197 for

633 3199 836 3259 which
906 3199 1003 3260 the
1070 3199 1322 3277 custody
1390 3200 1462 3279 os
1524 3198 1621 3259 the
1689 3199 1916 3258 Manor
1968 3199 2038 3277 of
2087 3198 2289 3259 North
2344 3200 2671 3260 Petherton
2722 3220 2850 3261 was

637 3280 920 3358 assiqned
971 3287 1028 3341 ιο
1080 3280 1254 3351 them,
1306 3280 1359 3339 it
1415 3279 1589 3357 beinq
1632 3300 1764 3339 now
1814 3279 2193 3339 ascertained
2252 3280 2386 3340 that
2434 3280 2487 3341 it
2534 3300 2659 3341 was
2702 3288 2853 3359 part

635 3362 706 3441 os
749 3360 845 3421 the
891 3368 1108 3422 estates
1145 3361 1216 3440 os
1252 3360 1471 3451 Philip
1511 3360 1591 3451 de·
1623 3360 1873 3437 Earley,
1916 3359 2118 3451 which.
2160 3381 2310 3421 were
2354 3361 2608 3439 yranted
2649 3368 2706 3422 ιο
2754 3361 2851 3423 the

636 3441 872 3521 Bishop
926 3442 1154 3521 durinq
1211 3441 1307 3502 the
1361 3449 1656 3519 minority
1719 3442 1790 3521 os
1840 3440 1937 3501 the
1995 3440 2181 3501 heirs-
2199 3442 2308 3521 sor
2363 3463 2403 3502 a
2439 3442 2569 3521 fine
2622 3443 2693 3521 os
2737 3449 2850 3503 two

641 3522 916 3583 hundred
952 3522 1215 3602 pounds.

559 3680 662 3738 Dr.
706 3677 1446 3749 Annnrs.—Edwardus,
1489 3678 1609 3739 Dei
1663 3678 1871 3757 gracia
1926 3678 2060 3738 Rex
2116 3676 2354 3757 Anglie‚
2398 3684 2536 3749 etc„
2581 3678 2855 3740 Thesau-

395 3785 558 3845 rario
616 3790 680 3844 et
738 3782 1092 3843 Baronibus
1151 3783 1282 3843 suis
1344 3783 1421 3843 de
1493 3782 1816 3843 Scaccario
1879 3782 2166 3843 salutem.
2269 3783 2429 3843 Cum
2490 3803 2603 3862 per
2659 3783 2852 3844 finem

396 3891 807 3951 ducentarum
887 3889 1203 3960 librarum,
1287 3909 1475 3969 quem
1556 3888 1947 3950 Venerabilis
2016 3889 2206 3949 Pater
2287 3888 2578 3959 Thomas,
2651 3888 2849 3951 Here-

395 3997 703 4059 fordensis
745 3997 1117 4076 Episcopus,
1161 3995 1309 4057 fecit
1351 3995 1695 4067 nobiscum,
1739 3995 2234 4056 concesserimus
2289 3994 2492 4055 eidem
2536 3994 2855 4076 Episcopo

396 4104 746 4165 custodiam
799 4108 1104 4163 terrarum
1163 4108 1227 4162 et
1283 4102 1585 4163 heredum
1644 4101 1920 4180 Philippi
1981 4101 2057 4162 de
2100 4099 2342 4179 Arleye,
2403 4100 2698 4171 defuncti,
2746 4102 2854 4181 qui

398 4210 474 4270 de
523 4209 703 4269 nobis
761 4208 967 4269 tenuit
1022 4208 1088 4267 in
1147 4208 1370 4286 capite,
1419 4206 1772 4267 habendam
1829 4226 2029 4285 usque
2085 4206 2163 4266 ad
2217 4206 2563 4285 legitimam
2618 4212 2853 4268 etatem

397 4315 698 4377 heredum
751 4315 1016 4394 predicti
1071 4314 1364 4393 Philippi,
1410 4333 1554 4373 cum
1609 4312 1904 4373 omnibus
1951 4312 2030 4372 ad
2072 4312 2422 4372 custodiam
2463 4312 2636 4373 illam
2678 4333 2850 4393 spec-

397 4420 712 4490 tantibus;
777 4440 850 4479 ac
911 4440 1021 4499 per
1076 4420 1389 4498 quandam
1451 4418 1949 4497 inquisicionem,
2009 4437 2197 4496 quarn
2258 4437 2373 4496 per
2432 4418 2731 4479 dilectum
2792 4425 2859 4481 et

397 4526 645 4587 fidelem
705 4530 992 4586 nostrum
1051 4524 1391 4585 Radulfum
1449 4525 1526 4585 de
1570 4524 1936 4603 Sandwch,
1980 4523 2411 4594 senescallum,
2468 4544 2671 4603 nuper
2722 4526 2859 4586 fieri

397 4630 677 4702 fecimus,
741 4630 1164 4710 acceperimus
1225 4630 1391 4709 quod
1461 4629 1743 4690 custodia
1791 4628 2055 4689 manerii
2118 4628 2193 4689 de
2252 4628 2851 4708 Northpethertone‚

397 4737 565 4817 quod
619 4736 740 4796 fuit
792 4735 1056 4815 predicti
1112 4735 1386 4815 Philippi
1443 4736 1508 4794 in
1559 4735 1881 4795 Comitatu
1926 4734 2318 4805 Somersetie,
2363 4740 2427 4795 et
2482 4735 2647 4814 quod
2704 4742 2853 4799 ante

397 4842 742 4922 predictam
783 4840 1252 4901 concessionem
1295 4846 1574 4901 nostram
1632 4839 1876 4923 prefato
1937 4840 2254 4918 Episcopo
2316 4839 2545 4900 factam
2604 4860 2855 4903 conces·

398 4968 680 5010 seramus
747 4948 992 5008 dilectis
1053 4946 1252 5017 nobis,
1334 4945 1510 5006 fratri
1594 4946 1635 5006 J
1637 4966 1846 5025 osepo,
1930 4946 2131 5006 Priori
2214 4946 2568 5025 Hospitalis
2639 4947 2857 5009 Sancti
