3619 5868
786 477 905 535 282
1417 476 1801 555 .chistrum
1858 477 2078 538 Thema
2131 477 2204 539 dc
2264 478 2596 558 Cantilupo

946 700 1109 761 Item
1153 721 1277 761 non
1322 705 1573 761 constat
1613 702 1818 780 ipsam
1851 702 2235 763 delacionem
2268 702 2716 764 denunciatam
2744 704 2938 765 fuisse
2969 705 3274 764 Domino

782 824 917 877 suc,
977 806 1424 867 Herefordensi
1481 808 1815 887 Episcopo,
1869 828 2011 868 cum
2069 826 2194 869 non
2249 818 2500 869 constat
2556 810 2724 888 quod
2779 810 3118 871 Johannes
3177 810 3274 870 de

784 911 1007 973 Becles
1048 913 1315 973 nuncius
1357 913 1561 973 fuerat
1605 913 1864 973 Domini
1904 914 2369 995 Archiepiscopi
2413 916 2496 976 ad
2540 916 3068 976 denunciandum.

946 1046 1109 1106 Item
1161 1066 1286 1105 non
1332 1053 1584 1106 constat
1632 1046 1799 1125 quod
1849 1046 2339 1117 denunciaverit,
2384 1067 2530 1107 cum
2579 1048 2746 1107 idem
2797 1047 2930 1126 ipse
2973 1049 3268 1107 nuncius

783 1156 849 1212 et
909 1151 1314 1212 denunciator
1372 1158 1436 1211 et
1494 1152 1778 1212 notarius
1837 1152 1944 1231 qui
2001 1152 2080 1212 de
2137 1153 2258 1214 hiis
2307 1160 2519 1232 posset
2570 1154 2889 1215 testificari
2945 1174 3090 1215 esse
3149 1156 3266 1216 vel

784 1258 978 1319 fuisse
1019 1277 1145 1317 non
1188 1257 1479 1337 potuerit.

946 1389 1111 1449 Item
1160 1409 1287 1449 non
1337 1396 1587 1449 constat
1636 1389 1797 1468 quod
1853 1398 2138 1468 tempora
2185 1390 2546 1469 prefixionis
2597 1392 2862 1469 alicujus
2913 1392 3061 1452 date
3108 1394 3260 1452 sine

780 1494 1124 1574 prejudicio
1179 1495 1345 1576 quod
1400 1494 1679 1554 delatum
1738 1504 1906 1556 esset
1962 1500 2212 1555 servata
2267 1494 2500 1556 fuerint
2557 1515 2668 1575 per
2721 1504 2966 1574 partem
3031 1496 3256 1575 appel-

784 1602 1003 1662 latam.

945 1733 1114 1793 Item
1165 1732 1572 1793 denunciacio
1622 1733 2052 1793 Procuratoris
2103 1733 2360 1793 Domini
2403 1734 2772 1794 Assavensis
2817 1754 2942 1794 non
2985 1733 3258 1805 obstat;

782 1857 955 1907 nam,
1002 1838 1147 1897 licet
1201 1837 1528 1898 «Iohannes
1576 1838 1654 1899 de
1704 1838 1928 1898 Becles
1977 1838 2309 1899 inseruerit
2369 1844 2652 1900 tenorem
2712 1839 3042 1917 cujusdam
3103 1858 3254 1917 pro-

777 1943 1076 2004 curatorii
1116 1942 1178 2003 in
1224 1946 1549 2021 presencia
1590 1944 1842 2014 Auiani,
1874 1950 1946 2003 ut
1986 1943 2158 2015 dicit,
2191 1944 2496 2023 concepti,
2545 1964 2671 2005 non
2713 1950 2926 2005 tamen
2968 1944 3256 2005 creditur

779 2050 900 2111 nisi
944 2056 1246 2128 appareat
1288 2050 1608 2125 originale,
1654 2049 1821 2129 quod
1863 2049 2236 2128 productum
2283 2070 2410 2110 non
2453 2056 2570 2111 est.

940 2180 1107 2240 Item
1176 2185 1313 2241 esto
1381 2181 1517 2241 sine
1592 2182 1938 2260 prejudicio
2019 2182 2186 2262 quod
2268 2183 2648 2242 Procurator
2729 2181 2952 2243 fuisset
3035 2182 3253 2242 dictus

780 2288 1082 2359 AnianuS,
1168 2307 1293 2348 non
1378 2293 1590 2347 tamen
1675 2287 1896 2348 habuit
1977 2289 2228 2349 credere
2311 2288 2796 2349 Hereiordensis
2888 2287 3252 2366 Episcopus

776 2392 1252 2453 denunciacioni
1310 2412 1440 2464 sue,
1493 2412 1635 2453 cum
1688 2394 2048 2455 adversario
2095 2413 2210 2455 suo
2259 2394 2400 2475 quis
2449 2394 2700 2454 credere
2749 2413 2875 2454 non
2929 2401 3248 2454 teneatur.

946 2524 1109 2585 Item
1158 2544 1283 2585 non
1325 2524 1627 2585 valuisset
1676 2524 1917 2585 delacio
1965 2525 2000 2586 J
2009 2525 2208 2585 udicis
2251 2526 2350 2585 vel
2397 2523 2597 2604 partis
2638 2523 2807 2585 facta
2862 2544 2987 2584 non
3031 2542 3252 2584 coram

776 2630 817 2691 J
822 2630 1020 2701 udice,
1085 2650 1227 2690 cum
1292 2630 1409 2691 hec
1471 2650 1655 2691 cause
1719 2632 2176 2709 cognicionum²
2233 2631 2560 2710 requirunt
2617 2649 2740 2710 que
2797 2630 2863 2689 in
2921 2630 3254 2708 presencia

772 2736 1019 2797 Judiois
1060 2736 1193 2797 fieri
1236 2735 1505 2808 debent;
1566 2756 1714 2797 nam
1762 2756 1840 2797 ea
1889 2756 2009 2816 que
2053 2755 2241 2796 cause
2283 2736 2716 2815 cognicionum
2762 2734 3089 2815 requirunt
3129 2754 3248 2813 per

776 2839 1055 2900 libellum
1100 2840 1262 2900 inter
1302 2841 1593 2901 absentes
1637 2840 1916 2920 expediri
1960 2859 2086 2900 non
2129 2855 2416 2920 possunt.

939 2971 1105 3030 Item
1162 2971 1312 3031 dato
1362 2972 1497 3032 sine
1553 2972 1896 3051 prejudicio
1951 2973 2118 3053 quod
2173 2978 2493 3034 constaret
2549 2972 2627 3033 de
2673 2973 3103 3052 appellacione
3143 2972 3246 3032 in-

778 3077 1081 3156 terposita
1120 3097 1232 3156 pro
1272 3084 1447 3156 parte
1490 3078 1744 3138 Domini
1790 3079 2088 3158 Episcopi
2132 3078 2634 3152 Herefordensis,
2670 3084 2734 3140 et
2775 3079 2852 3140 de
2895 3079 3246 3158 prefixione

775 3203 897 3262 que
941 3183 1167 3244 dicitur
1210 3185 1379 3245 facta
1420 3205 1529 3264 per
1572 3185 1749 3246 illum
1793 3187 1900 3265 qui
1944 3206 2011 3246 se
2053 3187 2375 3248 asserebat
2416 3187 2897 3247 Procuratorem
2940 3188 3248 3266 Episcopi

777 3291 1170 3362 Assavensis,
1244 3291 1605 3369 hujusmodi
1674 3293 1936 3372 prefixio
2007 3294 2182 3354 nulla
2249 3299 2440 3366 esset,
2500 3313 2641 3353 oum
2700 3293 3054 3372 appellatus
3111 3313 3244 3352 non

772 3403 987 3475 posset
1054 3397 1353 3476 prefigere
1424 3399 1762 3458 terminum
1836 3399 1912 3458 de
1979 3399 2118 3476 jure
2187 3399 2530 3478 appellanti
2593 3398 2673 3458 ad
2735 3397 3242 3478 prosequendam

776 3500 1290 3580 appellacionem.

938 3631 1103 3692 Item
1152 3633 1361 3693 littera
1408 3652 1529 3712 que
1579 3634 1954 3712 impetratur
2003 3633 2068 3694 in
2126 3633 2298 3693 nullo
2357 3633 2557 3712 tangit
2614 3632 3106 3712 appellacionem
3160 3633 3246 3694 de

773 3757 899 3818 qua
939 3738 1185 3798 videtur
1224 3739 1358 3800 fieri
1402 3740 1645 3800 mencio
1686 3741 1749 3798 in
1794 3740 2236 3812 instrumentO,
2283 3740 2449 3800 unde
2500 3739 2651 3800 dato
2705 3740 2841 3799 sine
2889 3739 3242 3818 prejudicio

773 3844 942 3925 quod
1001 3864 1187 3923 super
1241 3846 1669 3924 appellacione
1724 3846 1802 3906 de
1859 3865 1984 3926 qua
2039 3847 2112 3906 fit
2169 3846 2413 3907 mencio
2468 3845 2534 3904 in
2592 3845 3018 3905 instrumento
3067 3857 3242 3905 esset

774 3970 968 4010 causa
1028 3951 1093 4010 in
1157 3953 1365 4022 Curia,
1430 3971 1555 4012 non
1622 3960 1830 4012 tamen
1892 3951 2146 4011 deberet
2207 3952 2420 4012 littera
2479 3970 2668 4030 quam
2726 3950 3028 4028 impetrat
3085 3950 3240 4010 Pro·

771 4063 1023 4116 curator
1066 4057 1321 4116 Domini
1365 4056 1850 4117 Herefordensis
1891 4057 1957 4116 in
2001 4057 2328 4117 audicione
2368 4073 2624 4136 propter
2665 4054 2784 4115 hoc
2827 4056 3103 4115 retineri.

936 4187 1057 4247 Per
1102 4188 1409 4265 premissa
1456 4187 1607 4247 dicit
1658 4187 2036 4247 Procurator
2079 4187 2335 4247 Domini
2381 4186 2679 4265 Episcopi
2725 4185 3234 4258 Herefordensis,

775 4293 1157 4352 constitutus
1193 4293 1274 4352 ad
1306 4293 1795 4372 impetrandum,
1825 4293 1993 4373 quod
2029 4292 2292 4364 debetis,
2325 4292 2686 4353 Reverendo
2716 4291 2928 4363 Pater,
2959 4292 3236 4353 litteram

773 4416 895 4478 que
936 4397 1313 4477 impetratur
1353 4399 1671 4459 remittere
1714 4399 1796 4459 ad
1839 4399 2230 4459 audicionem
2273 4399 2648 4460 absolutam.

1520 4534 1649 4575 1-1n
1675 4535 1777 4576 MS.
1804 4531 2182 4580 cogenicionum
2207 4535 2514 4582 throughout.
