3619 5868
734 495 853 556 150
1393 495 1749 574 Reqistrum
1805 496 2025 558 Thome
2078 497 2153 558 de
2210 497 2542 578 Cantilupo

729 720 1052 800 religiosos
1086 721 1270 791 viros,
1308 720 1586 783 Priorem
1623 729 1688 782 et
1723 721 2119 784 Conventum
2152 723 2479 796 Breconie,
2513 727 2917 804 presentatus
2948 723 3187 797 existis,

731 825 845 888 tibi
887 846 998 907 per
1039 833 1339 888 semestre
1381 831 1633 906 tempus
1675 828 2041 889 continuum
2092 829 2628 890 commendamus.
2734 829 2811 890 In
2854 829 3037 908 cujus
3076 829 3187 902 rei,

728 938 850 994 etc.
959 932 1201 993 Datum
1258 933 1426 1012 apud
1482 933 1786 996 Gorsham
1844 934 1910 994 in
1966 935 2240 996 crastino
2288 935 2751 1015 Apostolorum,
2806 935 3078 997 Simonis
3124 939 3189 997 et

722 1040 764 1100 J
768 1040 908 1101 ude.

895 1171 1214 1232 Innnoo1o
1276 1171 1680 1232 mama-Et
1743 1170 2116 1232 mandatum
2171 1179 2269 1232 est
2326 1171 2593 1234 Officiali
2646 1172 2815 1254 quod
2866 1171 3190 1234 induceret

728 1295 895 1348 eum,
941 1283 1061 1337 etc.

727 1555 883 1617 Nov.
957 1557 1393 1617 9.—Mandate
1465 1565 1521 1617 ιο
1593 1557 1689 1617 the
1751 1556 1931 1617 Dean
1985 1558 2057 1636 os
2105 1558 2483 1636 Pontes-bury
2542 1565 2601 1619 ιο
2659 1558 2777 1620 cite
2832 1559 3058 1621 Robe‘rt
3114 1561 3191 1623 de

973 1637 1172 1709 Stoke,
1259 1638 1544 1698 ortionist
1586 1639 1658 1717 os
1685 1637 2019 1716 Westbury,
2050 1639 2177 1698 and
2222 1639 2317 1698 the
2358 1639 2607 1700 Rectors
2637 1641 2707 1720 os
2748 1641 3034 1702 Worthen
3064 1641 3194 1704 and

973 1719 1194 1779 Pontes
1235 1739 1353 1796 ἀτ-ῃ
1399 1726 1456 1779 ιο
1498 1740 1729 1798 appear
1770 1719 1963 1798 before
2006 1719 2105 1780 the
2144 1720 2399 1799 Bishop.

897 1900 1163 1960 omem
1191 1900 1556 1960 Rno'ronun
1594 1917 1682 1959 mn
1712 1899 2114 1970 Wusmsumr,
2150 1899 2510 1972 WoR'rmm,
2540 1919 2626 1961 m·
2653 1902 3193 1964 Powrnsntrrtr.—

729 2005 1026 2076 ThomaS,
1092 2011 1234 2076 etc.,
1297 2005 1554 2065 Decano
1611 2005 1689 2065 de
1748 2005 2147 2084 Pontesbury
2208 2007 2499 2078 salutem,
2563 2011 2685 2068 etc.
2814 2007 3195 2072 Mandamus

729 2111 908 2173 vobis
963 2111 1226 2171 firmiter
1281 2110 1682 2189 injungentes
1737 2111 2036 2192 quatinus
2084 2113 2501 2192 peremptorie
2556 2113 2765 2174 citetis
2820 2115 3189 2194 magistrum

735 2217 1080 2278 Bobertum
1151 2217 1229 2277 de
1301 2217 1512 2289 Stoke,
1573 2217 2035 2295 porcionarium
2098 2209 2357 2278 ecclesie
2425 2219 2503 2279 de
2564 2219 2923 2300 Westbury,
2988 2231 3053 2282 et
3112 2223 3191 2283 de

730 2323 1047 2402 Worthyn
1090 2343 1163 2384 ac
1203 2324 1281 2384 de
1325 2323 1720 2402 Pontesbury
1759 2324 2165 2384 ecclesiarum
2216 2325 2535 2398 Rectores,
2580 2326 2746 2405 quod
2787 2333 3193 2406 compareant

735 2449 948 2492 coram
1007 2430 1208 2502 nobis,
1267 2431 1643 2510 ubicunque,
1705 2443 1849 2498 etc..
1910 2431 2194 2509 proximo
2252 2431 2354 2492 die
2410 2431 2673 2510 juridico
2728 2441 2872 2511 post
2930 2433 3192 2494 Festum

734 2537 938 2598 Beate
1006 2535 1324 2608 Katerine‚
1383 2535 1657 2614 Virginis
1715 2543 1778 2596 et
1846 2536 2144 2605 Martii-is,
2206 2541 2327 2597 etc.
2427 2536 2713 2612 Qualiter
2772 2543 3007 2610 autem,
3067 2543 3189 2600 etc.

726 2642 968 2704 Datum
1009 2641 1180 2720 apud
1220 2641 1634 2709 Chetindone.
1675 2661 1716 2702 v
1757 2641 1913 2702 Idus
1958 2641 2352 2703 Novembris.

729 2938 1028 2999 Mandate
1087 2945 1144 2998 ιο
1199 2937 1402 2997 Adam
1454 2936 1528 2997 de
1583 2936 1800 3014 Fileby
1860 2944 1917 2997 ιο
1974 2936 2091 2997 cite
2146 2958 2285 2997 once
2340 2958 2499 2997 more
2559 2938 2655 2997 the
2696 2936 3088 2999 Arehdeacon
3127 2939 3201 3019 os

975 3020 1182 3098 Salop,
1224 3018 1356 3079 who
1401 3018 1510 3077 has
1553 3018 1743 3096 aya-in
1773 3018 1977 3097 sailed
2022 3026 2078 3078 ιο
2120 3039 2349 3097 appear
2390 3040 2459 3079 as
2501 3020 2865 3080 summoned.

895 3202 1154 3262 Com-BA
1203 3200 1750 3262 Auomnuconnm
1801 3200 2169 3261 SALOPIE.—
2186 3201 2482 3275 Thomas,
2528 3210 2669 3275 etc.,
2715 3204 3015 3283 magistro
3059 3204 3192 3265 Ade

737 3308 815 3369 de
885 3307 1124 3387 Fileby,
1197 3306 1516 3369 Canonico
1584 3306 1648 3366 in
1721 3306 1960 3377 eadem,
2033 3307 2325 3379 salutem,
2390 3320 2506 3370 etc.
2614 3310 2792 3369 Licet
2851 3310 3189 3370 discretum

731 3415 958 3487 virum,
1045 3413 1416 3492 magistrum
1499 3412 1538 3472 J
1543 3412 1807 3473 acobum
1892 3414 1969 3472 de
2052 3414 2233 3494 Aqua
2314 3414 2577 3487 Blanca‚
2662 3415 3190 3475 Archidiaconum

733 3520 1004 3599 Salopie,
1065 3519 1302 3580 dudum
1363 3539 1477 3599 per
1539 3518 1784 3579 litteras
1843 3526 2091 3580 nostras
2150 3520 2332 3581 citari
2391 3520 2720 3581 fecerimus
2777 3522 3189 3600 peremptorie

731 3626 899 3707 quod
942 3631 1302 3709 compareat
1331 3645 1541 3686 coram
1584 3625 1764 3685 nobis
1806 3626 1907 3686 die
1949 3626 2212 3687 Veneris
2252 3634 2395 3705 post
2437 3628 2911 3688 Exaltacionem
2959 3629 3190 3689 Sancte

735 3732 974 3805 Crucis,
1074 3751 1241 3794 anno
1311 3730 1568 3791 Domini
1638 3731 2092 3796 M⁰CC⁰LXX⁰
2142 3732 2431 3811 septimo,
2510 3752 2943 3812 responsurus,
3015 3740 3186 3806 etc.;

731 3839 896 3899 idem
959 3837 1452 3899 Archidiaconus
1510 3837 1590 3899 ad
1649 3838 1891 3899 dictum
1947 3838 2113 3899 diem
2167 3858 2279 3918 per
2336 3858 2403 3900 se
2459 3839 2559 3899 vel
2612 3858 2725 3918 per
2778 3840 3189 3900 sufficientem

729 3944 1156 4024 responsalem
1224 3944 1397 4005 nullo
1459 3943 1645 4005 modo
1706 3944 2094 4024 comparuit;
2166 3964 2353 4025 quem
2414 3945 2816 4023 postmodum
2884 3964 2997 4024 per
3064 3964 3191 4005 nou

731 4050 978 4111 modica
1022 4061 1306 4130 tempora
1348 4069 1424 4110 ex
1464 4050 1674 4129 gracia
1709 4050 2021 4129 spirituali
2059 4050 2352 4111 duximus
2392 4050 2871 4129 expectandum.
2958 4049 3191 4125 Quam·

732 4177 920 4238 quam
981 4157 1188 4237 igitur,
1233 4163 1375 4229 etc.,
1433 4158 1656 4217 micius
1706 4162 1920 4217 tamen
1969 4156 2252 4217 volentes
2300 4150 2482 4235 agere
2530 4176 2673 4216 cum
2722 4157 2964 4229 eodem,
3013 4155 3191 4216 vobis

735 4266 1110 4325 mandamus
1165 4263 1486 4343 quatinu8‚
1543 4262 1893 4341 predictum
1963 4262 2332 4341 magistrum
2395 4262 2808 4341 personaliter
2862 4264 3185 4335 adeuntes,

728 4370 937 4450 ipsum
978 4368 1394 4449 peremptorie
1436 4368 1815 4429 auctoritate
1857 4374 2072 4429 nostra
2113 4369 2342 4429 iterato
2382 4369 2591 4429 citetis
2628 4368 2794 4448 quod
2827 4374 3189 4447 compareat

731 4495 945 4537 coram
1007 4475 1188 4536 nobis
1249 4474 1535 4555 proximo
1593 4474 1692 4534 die
1749 4474 2013 4554 juridico
2074 4484 2219 4554 post
2279 4475 2675 4535 Dominicam
2726 4494 2851 4555 qua
2898 4480 3192 4535 cantatur

731 4583 956 4643 Letare
994 4580 1371 4653 Jerusalem
1417 4600 1604 4661 quem
1641 4581 1979 4640 terminum
2013 4582 2498 4659 peremptorium
2537 4581 2929 4658 assignamus
2962 4580 3187 4653 eidem,

730 4689 1107 4769 ubicunque,
1167 4692 1323 4759 etc.;
1386 4685 1838 4746 denunciantes
1894 4686 2095 4747 eidem
2152 4686 2339 4767 quod,
2397 4686 2529 4747 sive
2585 4687 2825 4748 venerit
2866 4686 2996 4747 sive
3039 4706 3187 4758 non,

732 4794 1028 4857 absencia
1084 4814 1200 4855 sua
1255 4814 1379 4854 non
1439 4793 1753 4865 obstante,
1816 4792 1897 4853 ad
1960 4793 2162 4854 dictos
2224 4794 2389 4854 diem
2448 4800 2511 4855 et
2568 4794 2906 4854 terminum
2969 4810 3189 4854 contra

729 4902 999 4963 eundem
1040 4901 1448 4981 procedemus
1489 4911 1674 4979 prout
1715 4900 1794 4961 de
1834 4902 1971 4980 jure
2013 4900 2200 4961 fuerit
2241 4900 2723 4979 procedendum.
2802 4956 2823 4962 -
