3619 5868
119 4548 221 4591 Fol.
249 4549 346 4590 ⁴2b.

1247 529 1548 608 Episcopi
1603 530 2084 608 Heresordcmcs.
2780 535 2896 594 145

436 751 502 813 in
539 753 832 814 omnibus
869 753 1216 815 observare.
1303 753 1720 814 Attendentes
1760 754 1953 833 igitur
1991 755 2057 814 in
2099 755 2318 834 primis
2360 775 2427 816 es
2456 755 2729 816 alienum
2772 775 2898 836 quo

433 859 609 930 estis,
653 865 726 920 ut
769 860 986 932 fertur,
1031 860 1306 938 obligati,
1352 865 1416 920 et
1465 861 1654 920 nimis
1704 868 1959 921 tenuem
2009 861 2313 922 bonorum
2358 869 2707 922 vestrorum
2754 861 2896 922 sub-

447 965 778 1036 stanciam,
851 966 1029 1026 vobis
1099 965 1453 1026 districcius
1539 965 1899 1028 inhibemus
1972 986 2051 1027 ne
2129 967 2401 1048 aliquem
2468 967 2727 1028 fratrem
2799 969 2899 1029 vel

437 1071 833 1145 canonicum,
880 1071 1061 1133 nobis
1102 1072 1480 1133 inconsultis
1536 1081 1599 1133 et
1653 1073 2047 1154 irrequisitis,
2096 1074 2175 1134 ad
2220 1074 2582 1152 religionem
2624 1080 2897 1135 vestram

444 1175 844 1256 aliquatenus
881 1177 1253 1249 admittatis,
1286 1184 1356 1238 ut
1394 1179 1484 1238 sic
1522 1184 1742 1238 mutua
1779 1178 2233 1239 deliberacione
2276 1199 2463 1257 super
2493 1180 2613 1238 hoc
2656 1179 2893 1251 habita,

441 1280 690 1362 plenius
761 1302 1060 1362 apparere
1116 1282 1325 1343 valeat
1381 1287 1477 1343 ut¹
1538 1283 1776 1362 ingredi
1847 1283 2116 1344 volentis
2190 1284 2550 1363 religionem
2620 1294 2897 1346 vestram

430 1389 752 1466 ingressus
816 1389 972 1460 De0,
1039 1390 1235 1460 vobis,
1301 1396 1364 1450 et
1427 1390 1811 1450 monasterio
1866 1395 2073 1450 vestro
2134 1391 2307 1450 utilis
2370 1392 2601 1452 existat
2663 1401 2727 1451 et
2790 1411 2896 1452 ne-

433 1496 764 1556 cessarius.
875 1495 1185 1566 Secundo,
1243 1496 1533 1555 volumus
1589 1504 1652 1555 et
1707 1495 2087 1574 precipimus
2130 1495 2455 1557 silencium
2513 1497 2574 1555 in
2632 1497 2896 1558 ecclesia

431 1610 664 1672 vestra,
711 1601 1008 1668 claustro,
1053 1600 1401 1672 refectorio,
1453 1608 1518 1660 et
1559 1601 1946 1672 dormitori0,
1992 1602 2335 1662 secundum
2387 1602 2635 1681 regulas
2676 1609 2739 1662 et
2788 1603 2893 1662 ob-

431 1706 792 1768 servancias
850 1707 1105 1767 Ordinis
1160 1707 1374 1776 vestri,
1434 1706 1620 1766 solito
1676 1707 1961 1767 striccius
2003 1707 2339 1768 observari.
2453 1708 2689 1780 Ter-cio,
2750 1728 2893 1768 cum

433 1834 561 1875 non
607 1814 810 1874 solum
854 1833 892 1874 a
934 1815 1101 1874 malo
1143 1822 1239 1874 set
1284 1813 1362 1873 ab
1404 1813 1576 1873 omni
1633 1813 1839 1892 specie
1882 1823 1946 1872 et
1995 1813 2323 1873 occasione
2377 1813 2527 1873 mali
2577 1813 2893 1874 abstinere

433 1919 736 1990 debeatis,
801 1919 1159 1979 inhibemus
1235 1921 1299 1978 in
1377 1919 1609 1979 virtute
1685 1919 2045 1979 obediencie
2115 1939 2240 1999 qua
2316 1918 2495 1980 nobis
2570 1919 2892 1991 tenemini,

435 2033 500 2086 et
566 2027 729 2086 sicut
799 2026 1165 2086 canonicam
1236 2025 1549 2086 ulcionem
1621 2025 1944 2086 volueritis
2014 2027 2267 2096 evitare,
2332 2043 2410 2086 ne
2480 2025 2643 2086 infra
2712 2037 2893 2104 septa

435 2131 802 2192 Monasterii
846 2130 1038 2191 vestri
1081 2131 1372 2190 mulieres
1428 2150 1798 2211 quecunque
1853 2137 2321 2209 pernoctentur,
2365 2151 2608 2191 moram
2663 2131 2895 2191 ibidem

434 2256 545 2315 per
615 2237 750 2298 dies
819 2237 1062 2316 aliquos
1130 2236 1438 2308 faciendO,
1509 2245 1695 2315 prout
1766 2236 1885 2297 hoc
1953 2237 2123 2297 idem
2187 2257 2225 2297 a
2281 2237 2637 2299 Venerabili
2704 2215 2895 2298 Patre

431 2349 665 2414 nostr0,
727 2342 999 2402 Domino
1057 2342 1496 2403 Cantuariensi
1547 2343 2032 2422 Archiepiscopo
2080 2344 2146 2403 in
2196 2363 2312 2404 sua
2352 2343 2735 2406 Visitacione
2782 2363 2895 2405 vos

433 2450 741 2526 recepisse
803 2450 1091 2509 novimus
1154 2449 1215 2508 in
1275 2451 1607 2528 preceptis.
1722 2450 1917 2510 Porro
1976 2450 2311 2511 canonicos
2370 2451 2613 2530 aliquos
2668 2451 2894 2511 domus

431 2563 637 2615 vestre
701 2554 767 2614 in
835 2555 1148 2635 obsequiis
1211 2557 1604 2636 quorundam
1675 2561 2045 2634 magnatum
2109 2556 2483 2617 secularium
2546 2558 2624 2617 de
2686 2563 2897 2618 vestra

428 2661 691 2721 licencia
751 2661 1178 2720 intelleximus
1237 2669 1718 2732 commorantes,
1764 2681 2027 2741 quorum
2088 2665 2413 2740 presencia
2474 2669 2537 2722 et
2597 2682 2774 2722 mora
2828 2662 2893 2721 in

433 2766 620 2826 domo
677 2768 978 2827 continua
1025 2769 1106 2844 [a]
1154 2767 1474 2827 nonnullis
1530 2766 1929 2827 estimaretur
1984 2768 2161 2829 vobis
2214 2777 2278 2828 et
2334 2769 2453 2829 sibi
2510 2769 2892 2848 quampluri-

429 2892 606 2932 mum
645 2873 1038 2952 profectura;
1084 2882 1200 2944 set,
1238 2873 1385 2953 quia
1421 2872 1499 2933 de
1539 2874 1658 2932 hoc
1696 2873 2019 2934 cerciorati
2057 2893 2183 2933 non
2222 2875 2454 2934 fuimus
2492 2875 2573 2936 ad
2609 2875 2889 2954 plenum,

425 2982 902 3041 revocacionem
958 2980 1296 3039 eorundem
1353 2990 1560 3040 vestre
1623 2981 1991 3041 discrecioni
2061 2986 2123 3041 et
2188 2982 2574 3042 consciencie
2631 2982 2890 3059 dignum

425 3086 718 3146 duximus
760 3087 1012 3166 penitus
1055 3087 1551 3166 relinquendam.
1639 3088 1768 3149 Vos
1806 3088 1997 3167 igitur
2028 3088 2092 3147 in
2126 3088 2450 3166 premissis
2483 3088 2574 3147 ita
2606 3088 2894 3149 habeatis

429 3196 500 3251 ut
561 3191 820 3269 gloriam
879 3198 941 3250 et
997 3192 1305 3270 premium
1365 3192 1587 3251 mereri
1642 3191 1898 3270 possitis
1952 3192 2017 3250 in
2068 3191 2346 3252 futurum
2404 3198 2467 3252 et
2507 3194 2783 3270 graciam
2824 3192 2892 3252 in

425 3298 726 3375 presenti.
813 3298 1070 3358 Statuta
1113 3306 1326 3357 autem
1371 3306 1435 3357 et
1478 3297 1911 3358 ordinaciones
1952 3298 2216 3375 predicti
2258 3297 2649 3359 Venerabilis
2692 3299 2893 3358 nostri

426 3404 704 3474 Domini,
785 3402 1258 3463 Cantuariensis
1335 3402 1822 3482 Archiepiscopi‚
1895 3410 1957 3464 et
2040 3404 2302 3463 aliorum
2378 3404 2890 3481 predecessorum

428 3516 808 3582 nostrorum,
875 3510 1041 3589 apud
1101 3529 1213 3570 vos
1277 3511 1465 3578 edita.
1531 3518 1670 3570 rata
1729 3510 2035 3571 habentes
2094 3522 2157 3569 et
2216 3511 2415 3582 firma,
2478 3510 2767 3570 volumus
2825 3528 2891 3570 et

426 3618 814 3697 injungimus
877 3618 939 3676 in
1002 3618 1292 3677 omnibus
1351 3617 1638 3677 similiter
1695 3616 2035 3677 observari.
2139 3617 2366 3677 Valeat
2437 3624 2644 3676 vester
2712 3624 2891 3676 cetus

430 3724 804 3784 venerabilis
847 3732 908 3782 et
953 3724 1017 3782 in
1060 3724 1286 3783 melius
1327 3722 1612 3801 proficiat
1656 3724 1720 3782 in
1765 3732 2073 3784 eternum.
2160 3723 2421 3794 Datum,
2468 3728 2585 3782 etc.

439 4028 566 4090 Oct.
630 4034 730 4093 25.
796 4028 1359 4089 1277.—Mandate
1423 4036 1480 4087 to
1546 4027 1642 4086 the
1705 4027 1885 4087 Dean
1940 4032 2004 4105 os
2060 4027 2434 4103 Pontesbury
2498 4033 2555 4085 to
2616 4026 2731 4085 cite
2795 4026 2891 4085 the

678 4114 926 4169 Rectors
991 4110 1060 4185 of
1122 4108 1430 4179 Worthe‘n,
1505 4108 1846 4185 Westbury,
1910 4108 2035 4168 and
2098 4106 2479 4183 Pontesbury
2538 4113 2596 4166 to
2656 4125 2891 4184 appear

675 4190 868 4268 before
931 4190 1026 4250 the
1085 4190 1317 4268 Bishop
1377 4198 1434 4249 to
1482 4209 1719 4249 answe‘r
1746 4190 1857 4267 sor
1885 4189 2121 4266 sailure
2168 4195 2225 4247 to
2266 4187 2480 4247 attend
2521 4187 2616 4247 his
2666 4186 2889 4247 Visita-

675 4271 820 4341 tio‘n,
861 4271 1171 4350 plurality
1213 4272 1282 4349 os
1319 4270 1622 4348 benefice&
1667 4270 1792 4329 and
1834 4270 2005 4330 other
2045 4269 2311 4347 charqes.
2423 4272 2513 4328 Hc
2554 4268 2609 4328 is
2651 4267 2781 4328 also
2827 4274 2890 4327 to

669 4352 878 4412 collect
927 4352 1024 4412 the
1057 4352 1486 4431 procuratione
1528 4350 1664 4411 due.

594 4524 1433 4595 &messum-Thomas,
1486 4532 1630 4595 etc.,
1683 4524 1942 4583 Decano
2000 4523 2077 4582 de
2142 4521 2535 4600 Pontesbyry
2596 4521 2887 4592 salutem,

428 4637 540 4691 etc.
653 4630 1037 4691 Mandemus
1086 4630 1261 4691 vobis
1317 4630 1615 4711 quatinus
1672 4630 1973 4690 Rectores
2028 4628 2106 4689 de
2148 4626 2480 4705 Worthyn,
2527 4626 2885 4703 Westbury,

425 4743 489 4798 et
526 4738 602 4797 de
638 4736 1030 4814 Pontesbury
1071 4738 1279 4796 citetis
1321 4735 1736 4815 peremptorie
1778 4734 1946 4814 quod
1990 4739 2396 4812 compareant
2438 4750 2647 4791 coram
2682 4729 2882 4801 nobie,

431 4843 787 4923 ubicunque
843 4850 986 4913 etc.,
1031 4841 1131 4901 die
1191 4841 1448 4903 Sabbati
1504 4842 1791 4921 proxima
1846 4846 1989 4920 post
2046 4840 2303 4899 Festum
2350 4837 2648 4899 Omnium
2694 4836 2885 4897 Sanc-

1460 4979 1590 5019 l-In
1616 4978 1719 5020 MS.
1745 4978 1857 5017 aut.
