3619 5868
1180 507 1479 587 Episcopi
1532 508 2015 587 Horesordensis.
2707 510 2826 570 281

370 730 771 793 denunciavit
820 732 1053 793 ibidem
1102 733 1305 793 eidem
1362 733 1635 794 Domino
1692 732 2141 794 Herefordensi
2195 735 2258 793 in
2317 735 2566 813 scriptis
2620 736 2828 815 ipsum

369 838 712 897 Dominum
785 857 969 898 suum
1040 839 1459 899 Assavensem
1530 838 1770 917 prefate
1842 840 2254 919 appellacioni
2325 840 2643 901 detulisse.
2741 842 2830 902 Et

366 941 535 1003 idem
598 944 977 1004 Procurator
1036 944 1314 1023 predicte
1376 945 1807 1024 appellacioni,
1870 947 2123 1007 nomine
2181 946 2333 1007 dicti
2393 948 2647 1008 Domini
2708 949 2825 1021 sui,

368 1054 521 1107 tunc
591 1047 880 1107 similiter
948 1047 1253 1120 deferens,
1328 1060 1675 1110 memorato
1747 1051 2020 1111 Domino
2097 1052 2566 1125 Herefordensi,
2643 1054 2828 1132 juxta

369 1152 655 1214 mandati
698 1154 798 1214 sui
837 1153 1125 1226 formam,
1170 1156 1439 1217 eundem
1499 1202 1823 1219 .....
1883 1158 1971 1218 Et
2012 1177 2146 1237 eg0,
2191 1159 2476 1220 notarius
2516 1160 2826 1240 publicae,

368 1260 595 1338 prefati
640 1261 895 1320 Domini
943 1261 1411 1342 Archiepiscopi
1460 1263 1936 1324 cantuariensis
1985 1265 2359 1326 auctoritate
2408 1273 2470 1325 et
2527 1266 2832 1327 mandato

374 1365 647 1445 speciali,
681 1366 1000 1445 sepedicto
1042 1367 1317 1427 Domino
1360 1367 1813 1430 Herefordensi
1853 1370 2190 1448 EpiscopO,
2223 1380 2294 1431 ut
2339 1354 2830 1451 suprascriptum

370 1478 488 1541 est,
535 1470 910 1532 denunciavi
984 1518 1357 1534 .....
1430 1474 1627 1534 eciam
1670 1473 2168 1544 denunciacioni,
2215 1475 2542 1548 delacioni,
2587 1484 2651 1538 et
2694 1497 2829 1556 pre-

366 1576 585 1636 fixioni
632 1577 785 1636 dicti
836 1578 1288 1650 Procuratoris,
1340 1598 1581 1639 necnon
1633 1584 1697 1640 et
1745 1581 2037 1641 omnibus
2088 1582 2245 1654 aliis,
2289 1588 2362 1643 ut
2405 1584 2691 1661 superius
2731 1591 2830 1645 est

369 1701 755 1760 expressum,
803 1684 1062 1743 interfui
1119 1730 1441 1748 .....
1503 1686 1583 1747 ad
1632 1688 2066 1750 Procuratoris
2115 1688 2414 1767 Episcopi
2457 1690 2828 1752 Assavensis

369 1788 746 1849 instanciam
793 1790 1032 1868 scripsi,
1077 1790 1413 1868 publicavi,
1457 1797 1520 1851 et
1567 1811 1780 1852 meum
1824 1792 2074 1871 signum
2115 1794 2378 1872 apposui
2451 1840 2824 1856 .....

367 2109 668 2187 temporis
710 2109 1036 2178 brevitate,
1078 2110 1257 2170 vobis
1304 2110 1681 2170 mandamus
1725 2110 2046 2190 quatinus,
2092 2118 2340 2172 retenta
2388 2113 2568 2191 copia
2607 2133 2826 2174 eorun-
2897 2114 2906 2125 '

366 2213 531 2285 dem,
609 2214 747 2292 ipsa
825 2215 1203 2294 transcripta
1276 2235 1387 2294 per
1452 2217 1977 2277 intervenientem
2048 2217 2399 2296 proximum
2469 2219 2824 2281 remittatis.

372 2319 691 2380 Mittimus
733 2320 986 2400 quidem
1028 2321 1204 2382 vobis
1248 2321 1511 2382 formam
1558 2323 1623 2381 in
1673 2342 1798 2401 qua
1845 2342 1958 2401 pro
2007 2324 2310 2401 magistro
2357 2324 2688 2403 B[icardo]
2749 2326 2826 2386 de

366 2426 665 2505 Heytone
724 2441 787 2487 et
850 2426 1035 2487 dictis
1098 2427 1419 2488 Prioribus
1476 2434 1572 2488 est
1635 2429 1698 2487 in
1760 2428 1950 2489 Curia
2006 2429 2430 2507 impetratum.
2531 2431 2826 2492 Ceterum

374 2531 753 2592 mandamus
795 2532 1091 2612 quatinus
1130 2532 1633 2610 jurisdiccionem
1679 2539 1959 2594 nostram
2002 2533 2080 2594 de
2129 2534 2375 2595 Gordor
2421 2535 2666 2595 illesam
2713 2556 2827 2615 pro

372 2638 607 2699 viribus
650 2638 1025 2710 defendatis,
1058 2639 1377 2700 Prioribus
1419 2640 1495 2701 de
1540 2639 1907 2719 Chyrebury
1950 2646 2014 2701 et
2056 2641 2134 2701 de
2176 2641 2524 2721 Albrebury
2563 2642 2829 2703 firmiter

368 2743 770 2822 injungentes
827 2744 1016 2823 quod,
1072 2744 1342 2805 maxime
1396 2745 1463 2805 in
1511 2745 1634 2806 hoc
1691 2752 2060 2825 autumpnO,
2105 2746 2426 2808 libertates
2467 2754 2530 2808 et
2570 2748 2712 2826 jura
2753 2768 2828 2809 ac

359 2850 791 2929 possessiones
847 2852 1249 2913 ecclesiarum
1323 2872 1600 2923 suarum,
1668 2871 1793 2931 quo
1865 2853 1942 2913 ad
2012 2854 2287 2915 decimas
2350 2861 2415 2916 et
2477 2856 2621 2928 alia,
2687 2861 2822 2917 tam

363 2957 428 3016 in
500 2957 687 3018 dictis
753 2958 1039 3037 partibus
1109 2958 1186 3019 de
1257 2959 1501 3020 Gor-dor
1563 2979 1754 3038 quam
1825 2961 1983 3033 aliis,
2054 2961 2311 3022 viriliter
2366 2969 2699 3041 protegant
2760 2969 2824 3024 et

354 3063 715 3126 defendant.
788 3061 793 3067 ⁴

361 3348 532 3411 John
586 3349 657 3408 de
713 3349 1037 3426 Bitterley,
1080 3349 1409 3410 substitute
1449 3349 1669 3410 named
1725 3349 1801 3427 by
1856 3350 2151 3410 Edmund
2198 3351 2270 3410 de
2320 3351 2676 3430 Warefelde,
2723 3353 2821 3413 the

601 3429 891 3510 Bishop’s
955 3431 1229 3502 Proctor,
1298 3431 1430 3508 lays
1490 3430 1684 3509 before
1758 3431 2018 3503 Gerard,
2083 3431 2318 3511 Bishop
2379 3434 2450 3510 of
2498 3432 2815 3505 Sabinum,

601 3530 787 3587 many
856 3511 1155 3572 technioal
1215 3511 1540 3588 objections
1607 3519 1666 3572 to
1732 3512 1830 3572 the
1887 3531 2094 3574 course
2155 3514 2226 3590 of
2279 3513 2377 3573 tho
2425 3515 2818 3594 proceedinqs

603 3591 785 3652 taken
830 3611 909 3652 on
951 3592 1049 3652 the
1091 3592 1263 3653 other
1302 3593 1450 3663 side,
1481 3593 1606 3653 and
1649 3591 1725 3669 by
1770 3592 1868 3654 the
1902 3592 2279 3672 Arohbishop
2313 3594 2382 3670 os
2412 3594 2814 3672 Canterbwry,

599 3692 669 3734 as
703 3671 1211 3752 judqe-deleqato,
1255 3673 1325 3732 in
1368 3674 1465 3734 the
1507 3673 1635 3734 suit
1676 3673 1830 3734 with
1873 3674 1970 3734 the
2012 3674 2248 3753 Bishop
2290 3675 2359 3752 of
2395 3677 2488 3735 St.
2537 3676 2766 3756 Amph.

526 3829 678 3890 Hac
716 3847 837 3889 ΕΜ·
886 3846 1073 3890 coru
1126 3845 1623 3888 nnsronslonuu
1679 3845 1989 3889 melsun
2037 3829 2360 3891 Jonmms
2415 3848 2502 3889 nn
2559 3833 2818 3892 Burma-

361 3953 531 3996 nmm
583 3952 745 4004 Quas
792 3952 995 3994 nanu·
1044 3951 1291 3995 oon'rRA
1340 3951 1858 3994 msrnuunn'ruu
1913 3951 2140 3995 rums
2185 3935 2816 3996 somnes—Coram

351 4042 547 4114 vobiS,
622 4040 976 4102 Venerabili
1046 4041 1235 4101 Patre
1306 4039 1579 4099 Domino
1648 4040 1950 4112 Gerard0,
2011 4040 2132 4101 Dei
2201 4041 2412 4119 gracia
2481 4041 2814 4104 Sabinensi

354 4149 689 4227 Episcop0,
743 4145 1108 4225 excipiendo
1160 4144 1453 4224 proponit
1506 4145 1545 4206 J
1548 4144 1832 4205 ohannes
1888 4145 1964 4205 de
2021 4145 2376 4224 Buterleye,
2436 4147 2812 4208 Procurator

359 4254 737 4315 substitutus
786 4273 825 4313 a
871 4252 1173 4330 magistro
1222 4250 1562 4311 Edmundo
1612 4251 1688 4311 de
1740 4250 2113 4322 Warefelde‚
2159 4252 2570 4314 Procuratore
2610 4254 2812 4315 Vene-

350 4360 562 4420 rabilis
642 4358 898 4419 Domini
981 4358 1241 4428 Thome,
1324 4357 1445 4417 Dei
1521 4356 1729 4436 gracia
1804 4357 2289 4418 Herefordensis
2357 4358 2676 4438 Episcopi,
2746 4360 2814 4420 in

354 4466 700 4537 audiencia,
752 4464 920 4544 quod
979 4483 1091 4542 per
1152 4483 1228 4524 ea
1290 4482 1411 4542 que
1469 4463 1775 4541 producta
1823 4467 1974 4523 sunt
2029 4481 2140 4540 per
2187 4469 2432 4541 partem
2484 4463 2814 4525 adversam

352 4592 478 4632 non
536 4579 787 4632 constat
844 4589 982 4631 esse
1039 4569 1446 4649 appellatum.

514 4703 682 4763 Item
740 4702 905 4782 quod
963 4721 1089 4762 non
1141 4707 1391 4762 constat
1441 4701 1853 4780 appellacioni
1900 4720 2012 4780 per
2050 4701 2489 4762 Venerabilem
2530 4702 2807 4776 Patrem,

355 4809 702 4871 Dominum
746 4808 1263 4870 Cantuariensem
1308 4808 1883 4886 Archiepiscopum,
1927 4825 2065 4868 esse
2105 4807 2387 4868 delatum
2442 4807 2560 4868 sub
2601 4808 2812 4888 aliqua

353 4916 633 4988 licencia,
678 4915 899 4996 forma,
945 4915 1042 4975 vel
1084 4915 1362 4994 legitimo
1404 4920 1703 4994 tempore.
