3619 5868
828 428 946 490 264
1451 467 1455 472 -
1490 428 1847 508 Reqistrum
1902 429 2123 492 Thome
2176 431 2250 492 de
2308 431 2642 512 Cantilupo

827 655 1250 716 maneriorum
1292 675 1569 726 suorum,
1601 675 1758 735 quos
1794 655 2069 718 Abbates
2103 657 2502 718 constituunt
2538 663 2602 719 et
2643 658 2995 719 destituunt
3031 679 3147 738 pro
3177 678 3277 720 sue

827 760 1224 840 beneplacito
1251 761 1615 822 voluntatis.
1702 761 1789 822 Et
1822 760 1970 841 quia
1998 761 2276 823 Abbacia
2312 762 2595 842 predicta
2628 764 2705 825 de
2739 764 3118 825 fundacione
3150 785 3275 844 pro-

827 866 1178 944 genitorum
1244 871 1622 937 nostrorum,
1673 867 1913 944 Regum
1980 867 2219 946 Anglie‚
2276 875 2341 928 et
2401 867 2479 929 de
2548 868 2831 948 predicto
2880 868 3165 929 manerio
3208 889 3277 929 ex

827 971 995 1033 dono
1049 973 1221 1050 regio
1279 972 1630 1051 specialiter
1685 980 1783 1034 est
1846 973 2087 1044 dotata,
2148 979 2403 1053 propter
2462 974 2632 1054 quod
2691 974 2771 1034 de
2828 974 3277 1054 indempnitate

831 1079 1094 1141 Abbatis
1135 1087 1197 1140 et
1233 1079 1596 1142 Conventus
1631 1098 1705 1140 ac
1744 1077 2017 1139 Abbacie
2052 1078 2351 1158 predicte,
2382 1085 2515 1139 tam
2550 1079 2617 1138 in
2656 1099 2722 1140 se
2754 1099 2945 1159 quam
2986 1081 3057 1139 in
3096 1099 3275 1140 mem·

827 1186 955 1248 bris
1005 1187 1155 1257 suis,
1207 1185 1431 1246 merito
1480 1203 1702 1246 sumus
1750 1183 2020 1256 solliciti,
2074 1184 2479 1246 attendentes
2530 1185 2697 1265 quod
2741 1206 2819 1247 ex
2870 1187 3275 1265 usurpa-ciens

827 1299 891 1355 et
945 1291 1405 1371 inquietacione
1460 1291 1742 1371 predicta
1798 1311 2027 1370 magna
2081 1290 2389 1354 dissensio
2444 1297 2508 1352 et
2550 1293 2981 1355 contencionis
3022 1295 3276 1354 materia

825 1398 892 1459 in
925 1399 1250 1476 utriusque
1291 1397 1492 1477 partis
1533 1397 1929 1476 dispendium
1970 1403 2265 1476 poterunt
2300 1397 2601 1470 suboriri;
2647 1398 3115 1459 Paternitatem
3154 1418 3275 1460 ves-

826 1511 993 1566 tram
1059 1505 1399 1566 affectuose
1461 1504 1836 1585 requirimus
1900 1511 1962 1564 et
2016 1523 2310 1583 rogamus
2364 1503 2685 1584 quatinus,
2734 1504 2902 1565 viam
2956 1504 3177 1565 litibus
3220 1511 3275 1566 et

827 1609 1244 1672 incommodis
1301 1609 1664 1688 hujusmodi
1720 1617 1989 1688 paterna
2042 1608 2463 1671 sollicitudine
2517 1611 2977 1688 precludentes,
3021 1610 3277 1673 Officiali

823 1723 1034 1778 vestro
1077 1715 1357 1794 predicto
1398 1714 1546 1776 dare
1589 1715 1792 1776 velitis
1834 1714 1899 1775 in
1943 1715 2262 1776 mandatis
2308 1721 2373 1776 ut
2415 1716 2548 1795 ipse
2590 1715 2673 1776 ab
2714 1735 2885 1776 omni
2924 1715 3273 1795 hujusmodi

829 1823 1275 1883 molestacione
1317 1828 1381 1882 et
1422 1822 1885 1901 inquietacione
1917 1822 2119 1882 nostri
2158 1822 2697 1901 contemplacione
2730 1821 3016 1894 desistat,
3050 1841 3115 1882 et
3152 1841 3276 1900 pre·

829 1929 1031 1988 dictos
1081 1927 1385 1988 Abbatem
1431 1934 1493 1988 et
1543 1927 1885 1988 Custodem
1922 1927 2141 2005 ipsius,
2186 1946 2386 2008 usque
2442 1927 2522 1988 ad
2570 1926 2841 1988 reditum
2890 1935 3172 1989 vestrum
3216 1927 3274 1986 in

828 2036 1138 2115 Angliam,
1191 2054 1378 2113 super
1427 2033 1546 2094 hoc
1601 2035 1666 2093 in
1722 2054 1876 2114 pace
1910 2038 1919 2074 ³
1931 2033 2230 2095 dimittat.
2334 2033 2469 2095 Nos
2517 2035 2685 2095 enim
2738 2041 2970 2095 extunc
3020 2035 3274 2094 libenter

827 2142 1118 2204 volumus
1177 2140 1506 2202 consilium
1566 2139 1863 2201 adhibere
1904 2141 2175 2221 qualiter
2231 2140 2347 2200 hec
2404 2140 2617 2201 omnia
2670 2140 3005 2220 pacificum
3061 2150 3127 2201 et
3180 2140 3269 2200 de-

825 2248 1048 2318 bitum,
1095 2255 1351 2309 auctore
1409 2247 1704 2316 Domino,
1765 2246 2117 2306 sorciantur
2160 2247 2473 2309 effectum.
2576 2247 2763 2307 'Peste
2820 2246 3064 2326 meipso
3120 2245 3271 2326 apud

827 2353 1483 2423 westmonasterium,
1529 2352 1588 2430 vj
1634 2351 1734 2413 die
1774 2352 1816 2413 J
1820 2353 1951 2424 ulii,
1996 2372 2163 2413 anno
2204 2353 2377 2432 regni
2420 2353 2618 2413 nostri
2659 2372 2845 2414 nono.

826 2621 979 2700 July
1021 2619 1333 2680 „ea—The
1387 2617 1641 2697 Bishop,
1685 2618 1758 2678 in
1807 2617 1998 2697 πρίῃ,
2040 2637 2280 2679 assuras
2338 2617 2435 2678 the
2474 2617 2642 2696 Kinq
2700 2617 2836 2679 that
2879 2618 2948 2678 he
2992 2618 3105 2680 has
3147 2617 3271 2678 been

1065 2699 1509 2780 misinformed,
1555 2700 1661 2760 but
1705 2698 1839 2760 that
1883 2698 1980 2758 the
2012 2698 2403 2778 proceedinqs
2452 2700 2525 2779 of
2568 2699 2664 2759 the
2718 2699 2959 2777 official
3006 2699 3171 2760 shall
3212 2698 3269 2758 be

1067 2781 1281 2860 stayed
1321 2780 1489 2842 until
1533 2780 1630 2841 the
1675 2780 2021 2840 Christmas
2052 2779 2392 2859 following.

987 2936 1539 2999 Excellentissimo
1607 2936 1883 3015 Principi
1948 2955 2023 2996 ac
2094 2934 2369 2995 Domino
2438 2954 2553 2995 suo
2617 2936 3151 2996 Reverentissimo
3210 2933 3267 2992 in

826 3043 1100 3113 Christo,
1147 3042 1422 3103 Domino
1480 3041 1814 3113 EdwardO,
1874 3042 1995 3102 Dei
2052 3042 2260 3120 gracia
2321 3040 2476 3119 Regi
2536 3040 2755 3119 Anglie
2819 3041 3085 3112 Illustri,
3141 3045 3265 3109 etc„

823 3150 1120 3220 Thomas,
1161 3148 1643 3209 Herefordensis
1684 3147 2021 3219 Presbiter,
2067 3147 2211 3207 talis
2250 3147 2476 3227 qualis,
2522 3167 2667 3208 cum
2709 3148 2881 3207 omni
2922 3146 3264 3208 reverencia

822 3261 887 3318 et
929 3255 1324 3335 subjeccione
1373 3273 1441 3315 se
1498 3260 1722 3323 totum,
1769 3254 1833 3313 in
1893 3254 1989 3313 Eo
2045 3254 2153 3334 qui
2208 3263 2307 3313 est
2351 3252 2634 3313 omniurn
2679 3272 2826 3313 vera
2884 3253 3081 3314 salus.
3177 3252 3263 3311 Ex

823 3360 1221 3440 suggestione
1256 3356 1590 3437 cujusdam
1624 3358 1778 3419 data
1811 3357 2079 3419 scribere
2114 3357 2295 3418 nobis
2328 3376 2527 3435 nuper
2560 3376 2673 3436 pro
2702 3356 2944 3417 Abbate
2978 3355 3265 3434 Badingie

822 3467 1175 3528 dominacio
1241 3472 1447 3527 vestra
1515 3464 1780 3534 curavit,
1845 3463 2012 3543 quod
2080 3462 2444 3542 gravamina
2507 3482 2629 3543 que
2699 3462 2999 3523 Officialis
3072 3468 3265 3523 noster

819 3574 1026 3636 eidem
1078 3571 1308 3633 Abbati
1361 3590 1476 3649 pro
1531 3569 1950 3630 destitucione
2006 3569 2194 3629 unius
2244 3568 2536 3630 monachi
2580 3569 2678 3629 sui
2719 3588 2759 3629 a
2801 3570 3087 3649 prioratu
3128 3569 3263 3629 Leo-

819 3679 1128 3741 ministrie
1184 3678 1249 3738 in
1299 3681 1515 3737 nostra
1559 3675 1808 3751 diocesi,
1862 3675 2160 3737 missione
2213 3674 2473 3736 alterius
2530 3674 2825 3735 monachi
2876 3674 2957 3735 ad
3008 3674 3262 3737 eundem

818 3786 1008 3845 infert
1063 3782 1512 3861 multipliciter,
1575 3790 1646 3841 ut
1708 3781 1995 3853 refertur,
2052 3800 2250 3862 usque
2314 3780 2395 3841 ad
2457 3780 2801 3842 adventum
2866 3789 3153 3843 nostrum
3208 3780 3262 3839 in

822 3890 1131 3969 Angliam,
1163 3888 1430 3949 ducente
1470 3888 1762 3962 Domine,
1793 3887 2060 3949 relaxari
2092 3888 2545 3959 mandavimus,
2576 3893 2641 3948 et
2680 3886 2934 3947 interim
2978 3908 3017 3948 a
3057 3888 3261 3949 moles-

817 3995 1066 4057 tacione
1107 3994 1360 4055 cessari.
1465 3992 1642 4054 Licet
1689 4013 1836 4053 vero
1879 3994 2059 4054 salva
2101 4013 2253 4072 pace
2298 3992 2705 4072 suggerentis,
2738 3994 2875 4072 ipsa
2918 3994 3007 4054 rei
3050 3994 3261 4056 veritas

818 4122 946 4163 non
997 4102 1079 4162 sit
1123 4094 1605 4180 circumquaque
1647 4100 1823 4161 vobis
1866 4121 2178 4180 expressa,
2224 4103 2388 4161 sicut
2444 4120 2555 4179 per
2614 4101 2733 4161 Dei
2787 4102 3065 4180 graciam
3109 4106 3258 4182 post·

821 4208 1077 4269 modum
1121 4205 1445 4286 apparebit
1502 4206 1869 4278 manifeste;
1931 4219 2141 4267 tamen
2186 4207 2559 4268 excellencie
2602 4212 2809 4267 vestre
2863 4207 3256 4287 beneplacita

817 4315 884 4373 in
927 4319 1234 4392 quantum
1279 4312 1414 4372 sine
1449 4312 1570 4371 Dei
1605 4312 2057 4390 omnipotentis
2091 4313 2331 4373 offensa
2358 4314 2661 4384 valemus,
2696 4314 2946 4374 obedire
2976 4314 3257 4379 volentes,

819 4419 991 4480 dicto
1048 4418 1314 4480 Officiali
1371 4424 1589 4478 nostro
1645 4418 2023 4479 mandamus
2096 4464 2472 4479 .....
2542 4422 2563 4455 ¹
2630 4419 2848 4479 sciatis
2909 4420 3079 4500 quod
3142 4437 3257 4480 sen·

817 4524 1060 4586 tencias
1116 4544 1274 4604 quas
1331 4524 1497 4595 tulit,
1543 4532 1607 4584 et
1663 4524 1790 4584 alia
1846 4544 1967 4603 que
2022 4535 2243 4585 contra
2292 4524 2533 4585 dictum
2579 4523 2883 4585 Abbatem
2928 4546 3006 4585 ex
3049 4531 3260 4586 natura

821 4631 920 4693 sui
970 4630 1154 4691 officii
1211 4630 1640 4709 attemptavit,
1692 4649 1890 4709 usque
1948 4630 2025 4690 ad
2081 4631 2315 4691 Natale
2364 4630 2648 4715 proximo
2689 4629 2973 4690 futurum
3016 4632 3256 4698 relaxet,

818 4738 912 4799 ita
981 4737 1148 4817 quod
1210 4740 1430 4797 contra
1494 4736 1731 4797 dictum
1797 4735 2107 4797 Abbatem
2174 4736 2439 4815 predicti
2504 4736 2805 4798 Officialis
2867 4736 3125 4817 incepta
3182 4736 3257 4795 in·

1641 4870 1917 4919 1—writing
1941 4876 1995 4914 to
2019 4870 2144 4914 faint
2170 4876 2222 4913 to
2248 4870 2305 4913 be
2330 4871 2458 4914 read.
