3619 5868
1178 546 1478 625 Episcopi
1530 547 2013 626 Herefordensis.
2746 553 2839 613 49

361 769 687 847 Largitore
733 769 988 848 dignam
1037 769 1522 832 retribucionem
1570 772 1844 851 recipere
1892 772 2167 852 possitis,
2217 779 2280 834 et
2329 793 2444 835 nos
2492 795 2569 835 ex
2619 781 2828 837 vestra

365 876 702 955 diligencia.
769 883 1036 956 paterno
1107 877 1336 939 affectu
1409 878 1493 938 ad
1559 885 1767 957 grates
1837 879 2062 940 merito
2119 886 2446 940 teneamur
2502 881 2825 961 speciales,

359 982 648 1043 Valeatis
691 1001 939 1061 semper
978 984 1045 1042 in
1088 983 1384 1043 Domino.
1472 984 1713 1044 Datum
1752 983 1922 1063 apud
1951 985 2098 1055 Bos,
2132 986 2193 1046 vi
2224 986 2544 1047 Kalendas
2574 986 2823 1065 Aprilis,

357 1088 782 1149 Pontificatus
824 1089 1024 1150 nostri
1066 1108 1233 1151 anno
1273 1088 1495 1168 prim0.

363 1420 531 1499 Gopy
582 1421 652 1500 of
701 1441 786 1480 an
838 1421 1168 1482 ordinanoe
1209 1422 1280 1500 of
1331 1421 1570 1481 Gizbert
1623 1422 1831 1482 Foliot
1879 1423 2162 1503 (Bish0p‚
2207 1427 2398 1504 1148)
2439 1425 2826 1504 sanctioninq

606 1501 703 1561 the
751 1502 1222 1581 appropriation
1264 1503 1334 1581 of
1387 1503 1574 1563 Grcat
1628 1503 1917 1564 Gowarne
1970 1504 2215 1565 Church
2264 1513 2322 1565 to
2370 1505 2466 1565 the
2520 1507 2722 1585 Abbcy
2764 1508 2837 1586 of

605 1582 697 1643 St.
767 1583 962 1655 Peter,
1025 1584 1389 1654 Gloucestcr‚
1465 1590 1522 1643 to
1575 1585 1833 1663 provide
1891 1584 2047 1663 liqht
2100 1586 2227 1646 and
2281 1594 2642 1658 ornaments,
2698 1588 2826 1649 and

602 1664 942 1743 exemptinq
987 1664 1084 1725 the
1125 1665 1328 1742 Abbey
1358 1665 1528 1743 from
1567 1666 1858 1743 synodalis
1900 1666 2027 1725 and
2060 1667 2509 1746 procur-abiona.

522 1823 972 1884 Tamscan’m
1012 1841 1534 1885 vamamoauu
1563 1843 1836 1886 armans
1864 1844 1949 1885 nm
1986 1842 2367 1886 coavat-xmus
2407 1826 2824 1887 Gnocns‘ram

353 1946 788 1990 mmaanmmu
837 1947 1188 1991 acchaeus
1237 1948 1394 1991 suas
1443 1949 1512 1991 m
1568 1948 1830 1993 D100E81
1886 1932 2827 1995 HanaronnENS1.—Omnibus

355 2034 653 2096 fidelibus
701 2036 988 2097 Ecclesia
1038 2036 1094 2099 G
1117 2036 1424 2115 [ilbertus]
1483 2037 1710 2108 Foliot,
1765 2037 2246 2099 Hetefordensis
2296 2037 2668 2118 EpiscopuS,
2722 2039 2822 2101 W.

354 2140 656 2202 Decanus
730 2161 874 2202 cum
949 2148 1084 2202 toto
1159 2142 1449 2221 Capitulo
1521 2142 1973 2203 Hereiordensi
2045 2145 2317 2205 salutem
2389 2144 2455 2203 in
2528 2144 2821 2207 Domino.

355 2247 680 2309 Noveritis
750 2268 886 2318 nos,
959 2249 1322 2329 Episcopali
1379 2250 1685 2328 dignitate
1761 2254 1825 2310 et
1895 2250 2271 2311 auctoritate
2341 2251 2829 2313 Herefordensis
2932 2275 2939 2281 ·

347 2354 659 2427 Ecclesia,
703 2375 779 2416 ex
821 2356 988 2416 dono
1027 2356 1256 2417 nobilis
1293 2355 1411 2417 viri
1453 2355 1763 2416 Bernatdi
1805 2356 1885 2416 de
1926 2356 2111 2417 Novo
2156 2356 2461 2418 Mercato¹
2499 2364 2563 2418 et
2606 2358 2685 2418 ad
2726 2357 2818 2417 in-

345 2463 660 2524 stanciam
731 2464 1076 2524 multorum
1137 2461 1462 2534 nobilium,
1520 2462 1784 2523 dilectos
1840 2462 2003 2523 filios
2058 2469 2328 2535 nostros,
2389 2462 2699 2524 Abbatem
2756 2472 2821 2524 et

355 2568 757 2631 Conventum
787 2569 976 2630 Beati
1005 2570 1178 2629 Petri
1209 2569 1603 2631 Gloucestrie
1633 2570 1698 2629 in
1726 2569 1991 2631 ecclesia
2022 2570 2250 2631 Sancte
2285 2570 2486 2630 Maris
2512 2570 2591 2629 de
2620 2568 2828 2631 Goura

353 2674 847 2755 impet-sonasse,
904 2684 1095 2757 atque
1158 2676 1412 2755 plenum
1483 2682 1893 2755 personatum
1961 2676 2199 2737 eisdem
2267 2675 2673 2747 concessisse,
2745 2675 2825 2736 ad

347 2781 691 2842 luminaria
733 2794 798 2843 et
842 2791 1216 2843 ornamenta
1257 2789 1477 2844 sancte
1518 2782 1802 2844 Ecclesie
1847 2784 2016 2844 beati
2058 2783 2232 2843 Petri
2271 2782 2669 2854 invenienda,
2711 2801 2825 2861 per

354 2906 625 2949 manum
655 2888 914 2951 sacriste
951 2889 1058 2970 qui
1100 2908 1213 2970 pro
1256 2897 1537 2970 tempore
1579 2889 1786 2951 fuerit.
1874 2890 1981 2950 Ita
2021 2888 2187 2970 quod
2229 2888 2394 2950 idem
2437 2888 2705 2950 sacrista
2745 2888 2825 2950 de

343 2997 599 3078 prefata
654 2997 921 3058 ecclesia
976 2997 1054 3058 de
1112 2997 1320 3059 Coura
1381 2997 1634 3058 nomine
1702 3004 2081 3076 personatus
2150 2996 2504 3076 quindecim
2574 3014 2824 3058 marcas

345 3123 602 3166 annuas
631 3103 953 3184 percipiet,
985 3105 1184 3166 donec
1219 3104 1484 3165 ecclesia
1525 3103 1696 3164 dicta
1738 3102 2090 3176 vacaverit3
2135 3121 2262 3183 qua
2303 3109 2568 3164 vacante
2610 3101 2821 3163 licebit

343 3210 598 3292 prefato
641 3210 902 3271 sacriste
944 3209 1119 3270 illam
1162 3210 1404 3290 ingredi
1455 3214 1518 3269 et
1566 3208 1827 3288 pacifice
1874 3208 2214 3288 possidere,
2267 3207 2503 3288 absque
2554 3207 2822 3286 alicujus

349 3316 828 3396 impedimento,
880 3315 1220 3376 dummodo
1267 3315 1631 3394 capellanus
1680 3315 1813 3376 sive
1859 3315 2132 3376 vicarius
2181 3313 2413 3374 ibidem
2454 3313 2825 3374 ministrans

346 3421 766 3482 sufficientem
815 3427 1004 3502 atque
1053 3420 1386 3482 honestam
1443 3420 1678 3483 habeat
1737 3421 2273 3482 sustentacionem
2331 3420 2412 3479 ad
2467 3420 2817 3481 valenciam

341 3527 570 3590 decem
611 3547 1004 3600 marcarum;
1063 3533 1128 3589 et
1177 3533 1380 3589 totum
1424 3528 1743 3590 residuum
1787 3536 2194 3589 convertatur
2234 3528 2299 3588 in
2341 3547 2495 3589 usus
2535 3527 2821 3607 proprios

341 3635 505 3697 dicti
535 3636 820 3707 sacriste,
853 3635 1200 3696 secundum
1230 3635 1398 3716 quod
1424 3635 1650 3697 melius
1680 3635 2079 3715 disposuerit.
2167 3635 2583 3698 Concedimus
2619 3635 2818 3695 eciam
2912 3655 2921 3666 ·

341 3742 554 3806 eidem
585 3748 657 3802 ut
683 3743 933 3822 quietus
963 3742 1046 3802 sit
1076 3741 1156 3803 ab
1184 3741 1356 3802 omni
1385 3742 1811 3802 decimacione
1854 3741 1931 3802 de
1975 3741 2255 3802 manerio
2283 3761 2398 3801 suo
2439 3741 2517 3801 de
2558 3740 2814 3811 Rodele,

349 3849 650 3910 similiter
679 3854 742 3908 et
770 3848 847 3909 de
876 3847 1091 3926 Hyda,
1122 3857 1332 3927 preter
1359 3847 1517 3908 duos
1547 3847 1778 3908 solidos
1806 3866 2053 3908 annuos
2081 3848 2340 3908 ecclesie
2368 3848 2445 3908 de
2474 3846 2821 3907 Yarkhulle

339 3974 424 4017 ex
473 3955 734 4034 antiquo
775 3955 1239 4034 persolvendos.
1352 3954 1660 4016 Volumus
1701 3954 1890 4014 etiam
1935 3960 2000 4015 et
2048 3953 2449 4014 concedimus
2490 3964 2561 4013 ut
2609 3953 2816 4014 Abbas

339 4061 745 4122 Gloucestrie
787 4059 1039 4140 quietus
1080 4061 1164 4119 sit
1208 4059 1288 4119 ab
1330 4059 1500 4120 omni
1544 4065 1761 4121 nostra
1807 4060 2060 4140 Synodo
2101 4065 2163 4122 et
2205 4060 2481 4142 qualibet
2522 4078 2813 4138 procura-

335 4167 527 4228 cione
583 4171 905 4245 spectante
963 4166 1040 4226 ad
1097 4166 1481 4245 Episcopum
1534 4166 2062 4228 Herefordensem
2110 4168 2362 4228 racione
2410 4167 2812 4228 ecclesiarum

339 4271 707 4333 habitarum
777 4273 844 4332 in
912 4271 1305 4352 Episcopatu
1375 4273 1860 4346 Herefordensi;
1932 4281 1994 4335 et
2051 4275 2173 4335 hoc
2227 4275 2493 4336 iacimus
2559 4284 2815 4356 propter

337 4379 658 4441 fervorem
689 4379 953 4440 honeste
981 4379 1298 4459 religionis
1325 4399 1514 4460 quam
1544 4379 1763 4443 florere
1798 4380 2107 4454 novimus,
2138 4387 2203 4442 et
2236 4401 2363 4442 non
2405 4381 2539 4443 sine
2582 4383 2811 4454 fructu,

340 4485 410 4545 in
493 4482 875 4546 Monasterio
946 4484 1461 4547 Gloucestriensi.
1586 4485 1687 4546 Ex
1745 4487 1995 4547 decreto
2048 4487 2263 4561 itaque
2320 4488 2523 4549 tocius
2581 4487 2817 4568 Synodi

341 4597 584 4662 nostre,
635 4591 702 4650 in
753 4591 1041 4653 Ecclesia
1090 4591 1540 4653 Hereiordensi
1591 4593 1999 4672 solempniter
2046 4593 2379 4666 celebrate,
2422 4593 2669 4672 publice
2710 4613 2814 4656 ex-

335 4698 949 4759 communicavimus
994 4717 1213 4759 omnes
1261 4699 1368 4778 qui
1419 4698 1629 4779 aliquo
1678 4704 1960 4778 tempore
2004 4705 2226 4758 contra
2271 4699 2475 4777 ipsam
2526 4707 2807 4760 nostram

337 4805 815 4866 ordinacionem
891 4812 1080 4884 atque
1155 4805 1703 4866 confirmacionem
1779 4804 1965 4864 dictis
2040 4802 2367 4864 monachis
2443 4823 2808 4865 concessam

497 4939 785 4982 l—Bernard
815 4941 1112 4986 Newmarch.
1140 4939 1264 4982 from
1293 4941 1605 4986 Neumarche,
1626 4939 1672 4980 in
1694 4938 1983 4987 Normandy.
2002 4951 2136 4981 came
2154 4951 2266 4980 over
2282 4939 2398 4980 with
2418 4941 2501 4980 the
2526 4941 2813 4987 conqueror.

337 4989 438 5032 and
477 4985 505 5002 ⁸⁰
518 4991 634 5031 used
661 5003 690 5032 a
717 4990 933 5032 soldier's
959 4991 1134 5032 licence
1159 4995 1211 5032 to
1236 4992 1538 5038 appropriate
1563 4992 1644 5032 the
1669 4991 1897 5037 territory
1923 4989 1973 5031 of
2009 4989 2636 5032 Brecknock.··—Freeman.
