3619 5868
61 2094 171 2137 Pol.
199 2095 269 2135 59.

1214 506 1514 587 Episcopi
1568 506 2049 587 Herefordensis.
2743 510 2860 569 211

398 729 780 808 prebendam
851 750 1039 810 quam
1114 750 1314 810 nuper
1381 731 1583 792 tenuit
1651 732 1951 810 magister
2023 732 2339 793 Martinus
2408 733 2485 794 de
2556 732 2737 812 Gayo
2794 733 2859 792 in

399 835 687 897 Ecclesia
742 845 961 897 nostra
1015 837 1318 916 predicta,
1365 857 1485 917 que
1541 838 1788 897 vacavit
1843 857 1956 916 per
1996 847 2263 898 mortem
2314 839 2511 918 ipsius
2554 839 2857 918 magistri,

399 941 700 1020 magistro
743 941 1015 1002 Ricardo
1057 942 1135 1003 de
1182 943 1537 1021 Swynefeld
1582 944 2031 1004 contulerimus
2073 945 2307 1005 intuitu
2349 947 2652 1017 caritatis,
2683 945 2863 1006 vobis

395 1047 776 1108 mandamus
831 1049 994 1129 quod
1043 1050 1311 1110 eundem
1355 1050 1725 1128 magistrum
1771 1050 2129 1123 Ricardum,
2182 1051 2278 1112 vel
2322 1071 2507 1112 suum
2556 1053 2857 1113 Procura-

397 1157 597 1214 torem
670 1155 925 1215 nomine
985 1155 1203 1234 ipsine,
1267 1155 1332 1214 in
1399 1156 1630 1216 dictam
1695 1156 2102 1237 prebendam,
2166 1178 2309 1218 cum
2373 1158 2663 1219 omnibus
2728 1157 2863 1220 suis

393 1261 821 1339 pertinenciis,
880 1261 1216 1332 inducatis,
1261 1262 1520 1322 stallum
1582 1263 1646 1321 in
1719 1262 1925 1323 Choro
1996 1272 2059 1322 et
2129 1263 2334 1324 locum
2404 1265 2468 1323 in
2540 1262 2854 1341 Capitu10‚

392 1373 580 1447 prout
651 1367 844 1427 moris
921 1371 1040 1438 est,
1122 1366 1521 1446 assignantes
1597 1367 1819 1427 eidem.
1945 1368 2244 1431 valeatis,
2370 1368 2613 1428 Datum
2689 1367 2853 1448 apud

397 1471 818 1550 Shyrehnrne,
870 1471 914 1551 ij
977 1471 1133 1532 Idus
1191 1473 1366 1544 Maii,
1427 1472 1943 1534 Consecracionis
1998 1482 2212 1535 nostre
2268 1493 2435 1534 anno
2489 1479 2736 1555 quarto.

391 1751 544 1828 May
585 1755 684 1812 27.
691 1751 882 1810 ——Sir
923 1751 1231 1820 Malcolm,
1277 1751 1489 1812 Canon
1529 1755 1592 1828 ο]
1626 1751 1831 1822 Wells,
1862 1771 1987 1811 was
2028 1751 2319 1812 indicated
2362 1757 2420 1811 to
2464 1751 2561 1826 the
2609 1751 2859 1812 Olim-ch

637 1833 708 1910 of
759 1831 1017 1893 Chetton
1071 1852 1150 1892 on
1201 1832 1298 1892 the
1332 1833 1755 1911 presentation
1801 1833 1872 1910 of
1909 1831 2099 1926 ῌαᾳὴ
2146 1833 2425 1892 Burnell.
2511 1821 2751 1894 Letters
2794 1833 2867 1909 of

634 1913 993 1974 institution
1035 1921 1093 1974 to
1138 1913 1204 1974 be
1243 1914 1422 1992 qiven
1461 1920 1530 1974 at
1581 1913 1677 1974 the
1733 1921 1877 1974 next
1917 1912 2227 1974 interview
2269 1912 2417 1974 with
2458 1913 2556 1974 the
2598 1913 2852 1993 Bishop.

559 2067 1167 2147 MALcononus.-vj
1235 2069 1554 2130 Kalendas
1614 2069 1656 2129 J
1660 2069 1809 2141 unii,
1877 2089 2045 2130 anno
2103 2069 2361 2130 Domini
2424 2069 2861 2131 M⁰GC⁰LXX⁰

388 2192 578 2245 non0,
610 2174 777 2252 apud
807 2174 1158 2254 Ledebury‚
1188 2173 1309 2235 fuit
1339 2175 1631 2235 dominus
1664 2175 2079 2246 Maleolonus,
2112 2175 2469 2236 Canonicus
2497 2175 2851 2248 Wellensis,
2878 2201 2885 2207 ·

389 2279 688 2340 inductus
757 2280 822 2339 in
881 2280 1266 2359 corporalem
1338 2281 1798 2359 possessionem
1858 2281 2118 2342 ecclesie
2174 2282 2253 2342 de
2301 2282 2699 2352 Chetintone,
2772 2281 2856 2341 ad

387 2389 927 2465 presentacionem
997 2386 1234 2446 domini
1299 2387 1590 2465 Hugonis
1639 2387 1897 2458 Bur-nel,
1942 2387 2181 2460 militis,
2246 2388 2375 2449 veri
2432 2389 2684 2468 patroni
2704 2411 2721 2463 3
2788 2394 2854 2448 et

393 2499 546 2552 tunc
592 2491 884 2552 dominus
939 2492 1214 2553 decrevit
1271 2494 1438 2578 quod
1492 2495 1555 2553 in
1613 2494 1896 2573 proximo
1952 2495 2263 2575 colloquio
2312 2515 2426 2556 suo
2503 2495 2849 2556 adinvicem

390 2597 558 2659 idem
623 2598 914 2658 dominns
981 2598 1430 2681 M[alcolonus]
1491 2601 1929 2661 institueretur
1984 2601 2352 2662 litteratorie
2406 2602 2470 2662 in
2521 2601 2853 2662 ecclesiam

389 2704 800 2765 antedictam.

389 2984 558 3043 June
598 2986 835 3044 27.—A
875 2982 1032 3055 writ‚
1065 2984 1346 3063 ordei-inq
1379 2992 1839 3063 postponement
1878 2984 1949 3045 in
1990 2984 2089 3045 the
2129 2984 2442 3045 collection
2481 2986 2551 3062 os
2584 2992 2847 3063 scutaqs,

632 3084 757 3125 was
799 3064 977 3141 qiven
1025 3072 1082 3125 to
1140 3063 1230 3124 W.
1286 3066 1358 3125 do
1406 3066 1795 3139 Redmarley,
1854 3074 1911 3126 to
1963 3066 2029 3126 be
2080 3067 2321 3127 handed
2372 3074 2430 3127 to
2481 3065 2578 3127 the
2623 3066 2862 3144 Sheriff

632 3145 702 3223 of
757 3144 1054 3223 Hereford
1109 3146 1178 3205 in
1233 3165 1368 3206 case
1426 3146 1497 3206 he
1547 3147 1768 3207 should
1816 3148 2085 3208 distrain
2117 3149 2229 3226 for
2279 3146 2376 3207 the
2424 3166 2587 3209 same
2726 3148 2851 3207 The,

630 3227 774 3285 writ
813 3246 938 3287 was
980 3234 1086 3287 not
1130 3226 1523 3287 transcribsd.

552 3381 690 3441 PRo
771 3397 1108 3441 Rnsrnoru
1195 3382 2089 3442 sourAe11.—Memorandum
2178 3383 2345 3463 quod
2436 3384 2534 3442 die
2622 3382 2852 3443 Martis

388 3486 673 3566 proximo
728 3492 872 3564 post
929 3486 1344 3545 Nativitatem
1403 3486 1591 3546 Beati
1644 3487 1682 3547 J
1689 3487 1959 3547 ohannis
2015 3487 2327 3567 Baptiste,
2380 3488 2548 3566 apud
2601 3488 2847 3566 Arleye,

389 3590 692 3652 traditum
747 3590 866 3651 fuit
925 3591 1178 3651 domino
1231 3591 1326 3653 W.
1374 3592 1452 3653 de
1502 3593 1921 3669 Rudmerleye
1977 3593 2291 3672 quoddam
2347 3593 2533 3653 breve
2594 3594 2849 3654 Domini

393 3697 600 3775 Regia
661 3697 1029 3757 Vicecomiti
1091 3698 1456 3757 Herefordie
1511 3718 1622 3777 per
1689 3698 1899 3777 ipsum
1956 3698 2354 3769 tradendum,
2414 3698 2491 3759 de
2559 3704 2849 3775 respectu

389 3802 654 3882 scutagii
695 3802 1006 3864 habendo,
1093 3804 1332 3863 Tamen
1365 3804 1571 3882 ipsum
1608 3804 1792 3864 breve
1828 3804 1997 3865 dicto
2024 3805 2395 3866 Vicecomiti
2432 3824 2558 3864 non
2598 3804 2853 3866 deberet

389 3908 556 3969 tradi
608 3909 729 3968 nisi
778 3910 909 3987 ipse
958 3908 1194 3969 faceret
1242 3909 1704 3970 districcionem
1746 3928 1860 3988 pro
1902 3911 2184 3989 scutagio
2225 3921 2609 3982 memorato;
2668 3910 2850 3988 cujus

390 4014 595 4076 brevis
639 4016 1086 4094 transcriptum
1129 4022 1280 4076 tunc
1323 4016 1686 4076 nullatenus
1727 4016 2095 4077 habebatur.

392 4296 554 4357 June
597 4300 690 4355 27
701 4300 826 4355 ——A
874 4296 1017 4355 writ
1044 4295 1214 4374 from
1259 4296 1354 4357 the
1395 4298 1666 4359 Justices
1709 4298 1778 4358 in
1816 4300 1985 4376 Eyre
2026 4299 2257 4377 omninq
2285 4301 2397 4378 for
2427 4300 2604 4379 Pleas
2632 4302 2715 4393 ‘of
2752 4300 2850 4361 the

635 4376 853 4436 Forest
912 4377 1043 4436 into
1109 4378 1641 4450 Gloucestershire,
1701 4400 1775 4440 on
1842 4387 2097 4440 account
2158 4382 2227 4457 of
2292 4388 2556 4460 trespass
2618 4380 2687 4441 in
2753 4382 2851 4441 the

635 4458 956 4597 Fores'tmoiif
989 4458 1187 4530 Dean,
1224 4478 1350 4520 was
1384 4459 1692 4539 deposited
1722 4461 1793 4521 in
1828 4460 1925 4521 the
1959 4460 2212 4540 Bishop’
2216 4482 2244 4521 s
2281 4463 2481 4540 coffcr.
2567 4463 2665 4523 No
2701 4481 2851 4543 copy

634 4557 760 4598 was
945 4558 994 4599 e.

557 4694 694 4753 PRo
737 4710 1300 4755 mamseanssxona
1345 4712 1547 4755 FACTA
1589 4713 1658 4755 m
1700 4714 1988 4757 ronns'u
2031 4714 2118 4757 nm
2162 4697 2627 4759 Dana—Item
2681 4698 2851 4759 dicto

391 4798 494 4860 die
543 4799 892 4859 habebatur
932 4800 998 4859 in
1044 4800 1270 4862 coffero
1313 4802 1568 4862 Domini
1611 4802 1929 4883 quoddam
1973 4805 2157 4865 breve
2198 4804 2436 4881 regium
2473 4804 2513 4865 J
2516 4804 2852 4865 usticiariis

396 4905 655 4966 Domini
717 4904 903 4984 Regis
962 4906 1040 4966 de
1096 4906 1328 4967 foresta
1383 4908 1666 4987 proximo
1723 4908 2123 4970 Itineraturis
2176 4908 2242 4968 in
2292 4908 2611 4971 Comitatu
2660 4909 2851 4971 Glou-
