3619 5868
773 479 896 540 166
1382 549 1386 554 ,
1435 477 1790 557 Reqistrum
1847 477 2067 538 :rhome
2120 477 2195 537 dc
2251 477 2586 558 Cantilupo

771 703 1086 764 Johannis
1145 701 1496 764 Jerusalem
1559 701 1622 761 in
1682 701 1924 780 Anglia,
1986 706 2051 762 et
2114 701 2291 761 tratri
2352 701 2638 790 BicardO,
2694 701 2958 762 Custodi
3012 702 3253 762 domus

775 799 1132 880 Hospitalis
1185 799 1450 880 predicti
1526 799 1604 860 de
1667 798 2013 868 Bokeland,
2069 798 2411 859 tenendum
2466 818 2665 879 usque
2746 799 2827 859 ad
2892 799 3249 878 legitimam

777 902 1014 959 etatem
1069 897 1370 958 heredum
1422 896 1688 976 predicti
1736 895 2015 975 Philippi
2062 915 2178 974 pro
2224 895 2446 975 viginti
2486 901 2553 956 et
2612 916 2741 956 una
2799 895 2995 966 libris,
3054 895 3247 957 nobis

776 994 1114 1056 reddendis
1181 994 1260 1054 ad
1332 993 1726 1054 Scaccarium
1787 992 2237 1071 supradictum,
2306 993 2387 1053 ad
2454 992 2767 1072 prefatum
2849 993 3241 1072 Episcopum

775 1092 1090 1171 pertinere
1158 1091 1345 1151 debet
1405 1089 1654 1150 racione
1717 1089 2141 1150 concessionis
2188 1095 2401 1150 nostre
2454 1089 2771 1169 predicte;
2829 1089 3005 1150 vobis
3062 1110 3239 1150 man-

778 1189 1002 1250 damus
1071 1188 1238 1268 quod
1306 1187 1621 1267 predictos
1689 1186 1971 1246 Priorem
2042 1191 2107 1246 et
2178 1185 2437 1247 fratrem
2504 1186 2844 1246 Ricardum
2924 1187 3243 1267 predictas

773 1285 1000 1366 viginti
1055 1291 1122 1346 et
1177 1305 1370 1345 unam
1411 1284 1602 1344 libras
1657 1282 1901 1363 prefato
1960 1283 2276 1362 Episcopo
2316 1283 2575 1354 solvere,
2618 1289 2683 1344 et
2738 1283 2797 1344 ei
2852 1283 2999 1344 inde
3038 1303 3243 1364 usque

777 1385 860 1444 ad
901 1383 1244 1463 legitimam
1286 1387 1520 1443 etatem
1563 1381 1863 1442 heredum
1904 1381 2327 1461 predictorum
2368 1381 2695 1442 intendere
2734 1386 2801 1442 et
2842 1381 3239 1461 respondere,

775 1487 842 1542 et
914 1485 1293 1542 memoratos
1363 1479 1646 1540 Priorem
1705 1484 1770 1539 et
1839 1477 2095 1538 fratrem
2164 1477 2519 1548 Ricardum,
2590 1483 2897 1558 quantum
2967 1479 3048 1539 ad
3120 1499 3240 1540 nos

772 1579 1066 1688 pertinet,
1109 1577 1356 1658 quietos
1405 1576 1550 1636 inde
1597 1595 1754 1646 esse,
1797 1581 1863 1635 et
1912 1575 2002 1636 sic
2043 1574 2177 1635 fieri
2218 1581 2283 1635 et
2325 1575 2637 1684 irrotulari
2677 1574 2941 1636 faciatis.
3052 1575 3242 1637 Teste

769 1778 966 1835 sexto.

782 1977 936 2056 July
985 1975 1596 2048 7,1277.-—F0rmal
1633 1975 1829 2035 notice
1870 1975 1941 2054 os
1976 1973 2073 2034 the
2112 1982 2294 2052 gyrant
2333 1977 2405 2055 os
2440 1974 2539 2035 tho
2580 1975 2759 2036 lande
2800 1975 2872 2054 of
2902 1975 3127 2055 Philip
3164 1975 3241 2036 dc

1023 2023 1274 2135 Ἐἀτῑεῃ,
1319 2057 1581 2134 toqether
1632 2055 1787 2116 with
1844 2055 1941 2116 the
1986 2055 2333 2134 wardships
2388 2055 2517 2116 and
2568 2055 2876 2134 mam-iaqe
2916 2055 3135 2134 riqhts,
3178 2063 3239 2116 to

1024 2138 1121 2199 the
1175 2137 1413 2217 Bishop
1465 2157 1546 2198 on
1591 2143 1884 2216 payment
1938 2137 2009 2215 os
2058 2137 2155 2197 the
2198 2137 2327 2215 sim
2381 2137 2453 2216 of
2500 2143 2615 2197 two
2671 2136 2949 2197 hundred
2996 2137 3238 2216 pounds

1021 2220 1098 2298 by
1139 2219 1450 2298 quarterly
1491 2218 1895 2278 instalments.

941 2349 1046 2408 Du
1106 2347 1849 2417 Amsru.-Edwardus,
1908 2347 2029 2408 Dei
2090 2347 2315 2426 gracia,
2384 2353 2523 2408 etc..
2592 2347 2885 2409 omnibus
2942 2348 3021 2425 ad
3080 2366 3235 2428 quos

779 2452 1106 2526 presentes
1173 2445 1382 2506 littere
1447 2445 1864 2525 pervenerint,
1935 2445 2221 2505 salutem.
2336 2443 2563 2506 Sciatis
2630 2446 2797 2525 quod
2862 2465 2979 2525 per
3043 2445 3231 2506 finem

775 2544 1189 2604 ducentarum
1229 2542 1528 2602 librarum
1561 2562 1748 2621 quem
1785 2541 2175 2602 Venerabilis
2208 2542 2398 2603 Pater
2432 2543 2725 2613 Thomas,
2756 2542 3234 2604 Herefordensis

777 2641 1152 2721 EpiscopuS,
1222 2639 1372 2700 fecit
1428 2638 1793 2710 nobiscum3
1864 2645 1929 2700 et
1986 2639 2153 2700 unde
2208 2638 2409 2700 solvet
2464 2639 2647 2701 nobis
2701 2641 2781 2701 ad
2839 2639 3231 2701 Scaccarium

777 2744 1066 2799 nostrum
1109 2738 1174 2796 in
1217 2737 1534 2816 quindena
1573 2736 1787 2797 Sancti
1831 2735 2159 2796 Michaelis
2200 2737 2483 2815 proxima
2524 2737 2734 2797 futura
2781 2737 3233 2817 quinquaginta

777 2834 986 2906 libras,
1030 2841 1094 2896 et
1136 2835 1216 2895 ad
1259 2833 1652 2895 Scaccarium
1694 2839 1983 2894 nostrum
2024 2835 2103 2893 ad
2146 2833 2389 2894 Pascha
2428 2835 2713 2912 proximo
2754 2853 3024 2913 sequens
3056 2834 3231 2914 quin-

773 2932 1074 3013 quaginta
1144 2931 1350 3002 libras,
1415 2937 1479 2992 et
1547 2931 1627 2992 ad
1691 2930 2084 2992 Scaccarium
2168 2934 2453 2992 nostrum
2516 2931 2596 2992 ad
2678 2931 2939 2993 Festum
3020 2931 3234 2993 Sancti

779 3029 1112 3091 Michaelis
1171 3030 1454 3109 proximo
1509 3049 1777 3109 sequens
1820 3028 2272 3108 quinquaginta
2325 3028 2532 3099 libras,
2577 3034 2641 3089 et
2696 3030 2776 3090 ad
2842 3029 3233 3090 Scaccarium

778 3133 1066 3188 nostrum
1117 3126 1196 3186 ad
1244 3126 1489 3187 Pascha
1528 3126 1813 3205 proximo
1860 3145 2130 3203 sequens
2186 3126 2467 3187 residuas
2510 3126 2965 3206 quinquaginta
3010 3126 3231 3198 libras,

776 3224 1200 3287 concessimus
1251 3223 1454 3284 eidem
1497 3224 1813 3302 Episcopo
1854 3223 2201 3283 custodiam
2258 3230 2565 3284 terrarum
2619 3229 2684 3285 et
2732 3229 3233 3284 tenementorum

775 3340 898 3401 que
963 3320 1216 3381 fuerunt
1277 3319 1553 3400 Philippi
1594 3319 1672 3381 de
1731 3318 1973 3399 Arleye‚
2031 3320 2329 3391 defuncti,
2372 3321 2479 3400 qui
2522 3322 2598 3381 de
2660 3320 2840 3381 nobis
2902 3322 3107 3383 tenuit
3166 3322 3233 3381 in

775 3419 1021 3498 capite;
1076 3416 1429 3479 habendam
1469 3423 1534 3477 et
1575 3417 1912 3477 tenendam
1964 3417 2166 3477 eidem
2212 3418 2527 3498 Episcopo
2584 3424 2649 3479 et
2690 3418 3024 3498 assignatis
3082 3419 3229 3491 suis,

774 3536 919 3577 cum
963 3514 1480 3576 advocacionibus
1521 3514 1942 3584 ecclesiarum,
1972 3515 2241 3585 dotibus,
2272 3522 2337 3576 et
2369 3515 2507 3576 aliis
2549 3516 2629 3576 ad
2670 3516 3019 3576 custodiam
3062 3516 3231 3576 illam

775 3611 1255 3693 pertinentibuS,
1291 3631 1489 3691 usque
1527 3611 1606 3671 ad
1647 3610 1991 3690 legitimam
2026 3617 2261 3672 etatem
2298 3612 2599 3673 heredum
2634 3613 2899 3692 predicti
2936 3613 3229 3694 Philippi,

773 3730 1049 3773 unacum
1090 3709 1417 3789 maritagio
1458 3708 1796 3770 eorundem
1840 3708 2139 3770 heredum
2168 3710 2303 3770 sine
2339 3709 2863 3790 disparagacione.
2868 3713 2887 3747 ¹
2936 3710 3017 3770 In
3054 3712 3231 3791 cujus

771 3808 882 3881 rei,
925 3813 1044 3869 etc.
1144 3806 1330 3869 Teste
1379 3806 1618 3886 meipso
1660 3806 1828 3885 apud
1885 3806 2291 3886 wigorniam,
2350 3808 2433 3887 vij
2479 3808 2578 3868 die
2634 3808 2675 3867 J
2678 3808 2807 3879 uh1
2850 3828 3017 3868 anno
3058 3808 3232 3887 regni

771 3906 971 3969 nostri
1013 3904 1250 3985 quinto.

781 4109 906 4170 The
970 4108 1207 4188 Bishop
1269 4128 1438 4187 comp
1443 4106 1604 4167 lain-5
1650 4107 1783 4167 that
1844 4107 2102 4167 Thomas
2163 4107 2381 4168 Tronot
2431 4107 2541 4168 has
2585 4108 2764 4185 qiven
2810 4108 2882 4168 in
2926 4108 3233 4187 mamaqe

1023 4188 1119 4249 the
1179 4188 1312 4249 heir
1367 4189 1438 4268 os
1473 4188 1619 4267 Step
1623 4187 1738 4248 hen
1777 4187 1851 4247 de
1892 4188 2285 4267 Kentisbury,
2326 4188 2459 4248 who
2504 4188 2640 4249 held
2684 4189 2861 4249 land-s·
2902 4189 2969 4248 in
3006 4190 3231 4269 capite,
3252 4238 3259 4245 .

1023 4270 1098 4348 by
1152 4269 1433 4347 military
1489 4268 1729 4339 service,
1773 4268 1845 4328 in
1901 4268 1997 4329 the
2036 4288 2267 4330 maner.
2291 4271 2362 4349 os
2409 4269 2611 4329 North
2664 4270 2993 4330 Potherton
3038 4270 3235 4330 under

1021 4351 1243 4429 Philip
1303 4350 1376 4410 de
1433 4350 1683 4427 Earley,
1755 4350 1985 4427 thouqh
2060 4348 2157 4409 the
2210 4370 2515 4427 mamaqe
2568 4350 2766 4428 riqhts
2838 4350 3119 4428 belonged
3174 4358 3234 4411 to

1025 4431 1121 4492 the
1183 4431 1400 4492 Orown
1447 4430 1573 4491 and
1631 4430 1755 4491 had
1812 4429 1953 4491 been
2009 4431 2378 4510 transferred
2422 4439 2480 4492 to
2523 4430 2668 4491 him.
2768 4431 2869 4491 He
2902 4451 3095 4510 prays
3123 4432 3235 4511 for

1012 4512 1270 4590 remedy.

937 4645 1042 4704 Du
1103 4642 1806 4721 Amara—Philippus
1863 4642 1941 4703 de
1996 4641 2235 4721 Arleye‚
2279 4643 2387 4721 qui
2436 4648 2719 4703 mortuus
2760 4648 2875 4713 est,
2920 4643 3124 4703 tenuit
3165 4644 3233 4702 in

775 4742 981 4822 capite
1029 4741 1106 4801 de
1161 4740 1348 4820 Rege,
1393 4745 1456 4801 et
1515 4739 1873 4819 Stephanus
1929 4740 2005 4800 de
2055 4739 2506 4819 Kentelesbery
2554 4740 2759 4800 tenuit
2798 4740 2865 4799 in
2906 4740 3112 4819 capite
3154 4741 3231 4802 de

901 4869 1102 4910 l-Here
1131 4880 1205 4911 we
1242 4868 1364 4909 have
1401 4868 1485 4909 the
1521 4867 1720 4915 original
1747 4866 1966 4915 meaning
1992 4866 2043 4909 of
2082 4862 2422 4915 “dicentum’'
2458 4871 2511 4909 to
2534 4867 2639 4915 aive
2664 4867 2713 4908 in
2739 4868 2975 4915 marriage
2999 4871 3051 4909 to
3076 4880 3166 4910 one
3190 4868 3243 4911 ok*

771 4918 915 4963 lower
939 4917 1086 4960 socia!
1112 4921 1290 4959 status.
