3619 5868
47 3100 156 3142 Pol.
187 3102 250 3141 6⁵.

1178 507 1479 586 Episcopi
1533 508 2015 588 Herefordensis.
2710 511 2829 571 247

367 730 710 802 estivalem,
757 752 946 810 quam
995 751 1308 792 summam
1364 732 1529 792 idem
1586 732 1879 793 dominus
1936 733 2275 793 Preccntor
2329 733 2532 792 eidem
2575 732 2831 794 domino

369 837 450 898 N.
495 838 677 898 dicet.

529 957 695 1018 Item
737 958 1104 1018 mandatum
1147 963 1244 1018 est
1286 958 1489 1018 eidem
1523 958 1778 1019 domino
1813 958 1893 1017 N.
1924 958 2292 1019 litteratorie
2326 958 2493 1037 quod
2531 958 2609 1018 ad
2644 977 2827 1038 quas·

365 1063 511 1123 dam
553 1062 984 1124 ordinaciones
1024 1062 1341 1124 faciendas
1385 1063 1650 1123 Girardo
1699 1065 1776 1124 (16
1820 1065 2047 1143 Ugina‚
2090 1085 2203 1144 per
2245 1064 2482 1124 talliam
2525 1064 2827 1142 scriptam

367 1175 586 1230 contra
633 1171 958 1230 dominum
1012 1169 1052 1229 J
1073 1169 1433 1247 [ohannem]
1489 1170 1565 1230 de
1615 1169 1813 1241 Clare,
1858 1171 1936 1230 de
1992 1171 2239 1231 redditu
2288 1170 2489 1230 solvat
2534 1171 2592 1228 D
2638 1174 2703 1229 et
2750 1189 2830 1228 xx

368 1294 628 1336 marcas

528 1392 694 1453 Item
751 1393 1117 1452 mandatum
1173 1399 1270 1454 est
1324 1394 1528 1455 eidem
1585 1393 1840 1452 domino
1897 1392 1977 1451 N.
2022 1392 2188 1473 quod
2238 1393 2419 1463 clam,
2463 1391 2581 1452 sub
2622 1390 2827 1470 sigillo

367 1499 665 1560 Officialis
708 1498 803 1559 vel
847 1499 1083 1558 domini
1129 1498 1542 1570 PrecentoriS‚
1589 1498 1882 1559 omnibus
1924 1496 2285 1558 hominibus
2326 1497 2446 1557 hoc
2489 1496 2829 1576 ignoranti—

367 1605 485 1665 bus
553 1607 761 1684 preter
829 1605 1018 1683 ipsos,
1090 1610 1232 1665 tres·
1287 1604 1389 1665 CC
1457 1623 1697 1664 marcas
1754 1604 1821 1662 in
1877 1609 2121 1682 partem
2177 1623 2369 1662 unam
2425 1603 2491 1661 in
2546 1601 2835 1662 Ecclesia

371 1711 816 1772 Herefordensi
873 1711 1163 1790 deponat,
1221 1711 1299 1771 ad
1363 1710 1730 1770 solvendum
1792 1730 1907 1789 pro
1964 1709 2205 1770 decima
2260 1709 2313 1769 si
2369 1708 2713 1770 necessitas
2767 1709 2833 1766 id

368 1823 681 1897 exposcat.

369 2074 776 2135 Instructions
825 2081 956 2134 sent
1002 2080 1060 2134 to
1104 2074 1202 2135 the
1244 2072 1570 2133 Sene-schal
1597 2073 1768 2151 from
1804 2072 1991 2149 Lyre¹
2020 2072 2130 2150 for
2171 2070 2269 2130 the
2316 2069 2724 2130 distribution
2763 2069 2837 2129 in

615 2155 711 2216 the
751 2155 982 2216 diocese
1022 2155 1092 2233 of
1128 2155 1330 2215 twelve
1371 2161 1648 2234 quarters
1690 2153 1761 2233 os
1794 2173 1955 2213 corn.

531 2310 713 2389 Apud
757 2311 989 2388 Lyram
1031 2314 1397 2389 preceptum
1438 2309 1558 2369 fuit
1603 2309 1959 2370 Senescallo
1994 2309 2161 2388 quod
2194 2308 2277 2387 xij
2316 2309 2629 2388 quarteria
2662 2308 2831 2369 bladi

366 2437 481 2496 per
521 2418 974 2496 Episcopatum
1016 2415 1249 2477 faceret
1291 2416 1598 2476 distribui.

371 2676 530 2763 Juzy·
563 2676 1043 2767 25·-Ma⁷.²d“‘⁰
1087 2683 1144 2737 to
1190 2676 1286 2736 the
1333 2675 1573 2752 Official
1612 2683 1671 2736 to
1703 2675 1972 2754 adjourn
2003 2675 2396 2767 proceedinqs
2440 2676 2688 2755 aqainst
2730 2676 2831 2736 the

603 2763 969 2836 portwmsts
1025 2758 1095 2836 os
1136 2756 1482 2834 Bromyard
1516 2757 1626 2835 for
1672 2778 1713 2817 a
1748 2757 1882 2836 full
1927 2777 2091 2835 year,
2135 2756 2422 2835 allowmq
2463 2756 2615 2817 such
2654 2776 2832 2835 qrace

611 2859 681 2898 as
743 2857 884 2915 may
949 2837 1015 2898 be
1077 2837 1295 2916 leqally
1347 2837 1630 2916 possible,
1695 2837 1821 2897 and
1882 2837 2103 2915 askinq
2172 2836 2271 2897 the
2342 2837 2701 2898 Chaucellor
2770 2845 2831 2898 to

611 2925 767 2980 state
825 2918 920 2980 his
977 2918 1192 2980 wishes
1249 2939 1329 2980 on
1384 2918 1481 2979 the
1535 2917 1765 2997 subject
1820 2918 1892 2978 in
1943 2918 2212 2997 writinq.

531 3078 636 3136 Dm
679 3094 1124 3137 Por-cmmsns
1166 3095 1253 3136 nn
1297 3076 2293 3137 BnomARnn.—-Memorandum
2336 3076 2503 3155 quod
2536 3075 2603 3134 in
2641 3075 2835 3137 Festo

370 3184 585 3245 Sancti
626 3184 666 3244 J
669 3183 844 3245 scobi
889 3184 1172 3263 Apostoli
1213 3183 1280 3243 in
1321 3184 1361 3243 J
1363 3183 1491 3243 ulio
1541 3184 1706 3262 apud
1749 3183 2018 3243 Pontem
2061 3182 2139 3243 (16
2181 3181 2622 3253 Charentone,²
2662 3202 2831 3241 anno

368 3289 626 3350 Domini
668 3288 1182 3359 M⁰OC⁰LXXX⁰,
1212 3288 1464 3367 scripsit
1507 3288 1820 3348 Dominus
1862 3287 2162 3367 magistro
2203 3285 2478 3347 Roberto
2521 3288 2598 3347 de
2640 3286 2833 3347 Glou-

366 3394 612 3465 cestria,
655 3393 919 3454 Officiali
968 3414 1100 3464 suo,
1144 3394 1430 3473 quedam,
1474 3393 1640 3453 inter
1693 3412 1816 3472 que
1872 3392 2041 3452 istud
2097 3392 2410 3453 inseritur.
2516 3392 2836 3453 Mittimus

368 3498 542 3559 vobis
583 3500 1033 3578 transcriptum
1075 3499 1440 3559 ultimorum
1483 3504 1765 3559 actorum
1809 3518 2020 3559 coram
2054 3498 2235 3558 nobis
2272 3504 2490 3558 contra
2524 3498 2832 3558 Poncium

369 3610 433 3665 et
488 3605 764 3675 Petrum,
809 3605 914 3683 qui
972 3624 1040 3665 se
1094 3609 1319 3683 gerunt
1373 3624 1486 3682 pro
1541 3603 1949 3681 porcionariis
2005 3603 2265 3663 ecclesie
2316 3604 2393 3663 de
2441 3603 2831 3681 Bromyard;

367 3712 739 3770 mandantes
795 3710 1110 3790 quatinus,
1155 3710 1232 3769 ad
1295 3710 1460 3769 diem
1523 3710 1829 3788 prefixum
1892 3709 2146 3781 eisdem,
2206 3709 2396 3787 ipsos,
2457 3709 2555 3769 vel
2618 3729 2835 3770 eorum

363 3820 814 3894 procuratores,
878 3815 1122 3876 faciatis
1184 3815 1391 3875 vocari
1455 3816 1533 3875 ad
1594 3815 2060 3894 procedendum
2128 3816 2476 3875 secundum
2547 3815 2829 3894 ipsorum

365 3926 648 3981 actorum
682 3926 984 3991 tenorem,
1022 3921 1146 3981 illis
1187 3921 1354 3981 diem
1395 3920 1790 4000 prefigenteS,
1835 3920 2123 3982 videlicet
2165 3921 2333 3981 diem
2373 3922 2643 3981 eundem
2684 3927 2831 4001 post

366 4045 601 4085 annum
659 4026 898 4104 integre
951 4025 1323 4096 revolutum,
1367 4026 1447 4085 ad
1502 4026 1857 4086 faciendum
1913 4030 1976 4085 et
2025 4026 2419 4086 subeundum
2463 4046 2583 4105 que
2624 4026 2830 4088 facore

363 4137 427 4191 et
470 4131 678 4192 subire
726 4131 1022 4191 deberent
1071 4132 1172 4191 die
1219 4132 1310 4192 eis
1351 4131 1606 4211 prefix0,
1649 4131 1942 4191 omnibus
1984 4132 2237 4191 interim
2289 4132 2355 4189 in
2397 4132 2616 4192 eodem
2660 4138 2833 4193 statu

364 4234 914 4313 permanentibus:
971 4236 1371 4314 potissimum
1427 4235 1480 4295 si
1527 4236 1874 4295 secundum
1919 4236 2060 4314 jura
2102 4236 2256 4314 ipsis
2297 4236 2571 4315 graciam
2615 4238 2830 4318 hujus-

363 4340 532 4400 modi
593 4339 796 4401 facere
856 4340 1214 4411 valeamus;
1286 4340 1385 4401 sin
1447 4346 1678 4411 autem,
1741 4340 2016 4420 graciam
2078 4361 2269 4420 quam
2334 4341 2488 4420 ipsis
2554 4342 2632 4403 (16
2692 4343 2830 4422 jure

363 4443 565 4505 facere
619 4444 952 4523 possimus.
1055 4445 1254 4507 Nobis
1307 4466 1422 4525 per
1473 4446 1997 4507 intervenientem
2038 4446 2393 4526 proximum
2447 4447 2822 4521 rescribatis,

365 4550 618 4610 domino
681 4550 1066 4612 Cancellario
1129 4550 1578 4611 Herefordensi
1640 4571 1717 4611 ex
1775 4558 1955 4631 parte
2023 4557 2241 4612 nostra
2315 4552 2594 4613 dicentes
2666 4555 2835 4632 quod

363 4656 544 4716 nobis
600 4655 830 4717 scribat
885 4677 1075 4736 quam
1122 4658 1395 4736 graciam
1445 4658 1778 4737 nepotibus
1829 4659 1961 4718 suis
2010 4658 2275 4718 voluerit
2335 4678 2451 4719 nos
2506 4658 2709 4719 facere
2765 4660 2833 4719 in

486 4792 652 4833 l—The
681 4792 858 4839 Bishoo
883 4796 1024 4839 spent
1050 4804 1182 4835 some
1207 4794 1324 4835 time
1350 4794 1397 4834 in
1424 4795 1506 4835 the
1535 4794 1840 4835 Benedictine
1866 4794 2025 4841 Abbey
2051 4794 2099 4834 in
2126 4795 2257 4835 what
2276 4794 2318 4835 is
2342 4805 2451 4836 now
2474 4792 2623 4836 called
2650 4795 2831 4837 vieille-

359 4842 492 4889 Lyre.
569 4843 666 4883 The
691 4842 844 4884 Abbot
871 4855 973 4883 was
999 4855 1056 4883 ex
1081 4841 1238 4888 officio
1265 4856 1295 4885 a
1321 4846 1484 4885 Canon
1510 4844 1560 4885 of
1597 4843 1853 4890 Herefordz
1892 4856 1935 4885 v.
1967 4843 2307 4885 Introduction.

479 4893 651 4933 2-The
688 4892 910 4939 Bishop's
943 4897 1054 4941 stay
1089 4898 1141 4934 at
1168 4895 1439 4935 Charenton
1467 4906 1624 4935 seems
1650 4899 1700 4935 to
1728 4895 1849 4935 have
1877 4894 1991 4935 been
2018 4894 2275 4935 connected
2301 4894 2418 4937 with
2444 4904 2578 4936 some
2604 4898 2829 4943 property

359 4941 535 4989 bought
561 4944 697 4984 there
725 4942 784 4991 by
813 4943 991 4989 Bishop
1019 4944 1173 4991 Peter.
1200 4943 1250 4985 of
1275 4944 1431 4986 which
1455 4955 1528 4986 we
1555 4946 1670 4985 hear
1697 4956 1827 4985 more
1854 4955 1905 4985 at
1933 4956 1963 4986 a
1988 4945 2111 4985 later
2136 4944 2263 4986 date.
