3619 5868
427 1679 525 1723 1²01.
551 1679 617 1720 ³⁴.

742 487 862 547 110
1261 567 1266 570 ι
1385 486 1743 565 Reqistrwm
1799 487 2020 548 Thome
2072 487 2147 548 de
2218 487 2549 568 Cantilupo

739 711 864 773 isto
907 733 1073 773 anno
1113 712 1446 792 preterito;
1504 713 1582 774 de
1623 733 1748 793 quo
1789 687 1919 774 non
1968 713 2312 774 sufficimus
2360 713 2685 784 admirari;
2742 713 2896 774 alias
2936 714 3005 773 in
3046 713 3201 794 Epi·

739 823 1002 898 scopatu
1041 818 1120 879 de
1161 818 1284 879 ista
1325 818 1680 898 perdicione
1721 818 2149 889 tractabimus,
2188 824 2253 880 et
2289 818 2638 880 videbimus
2674 819 2943 898 qualiter
2981 820 3203 898 hujus·

737 923 907 985 modi
949 924 1337 1004 perdiciones
1377 924 1694 1004 possimus
1735 925 1802 984 in
1844 931 2167 1005 posterum
2208 925 2458 985 evitare.
2544 924 2710 985 Item
2750 925 2919 1005 quod
2942 930 3207 986 extenta

735 1029 1079 1108 corrigatur
1116 1049 1230 1109 per
1269 1034 1476 1089 totum
1515 1028 1623 1089 ubi
1654 1049 1827 1090 error
1854 1029 2078 1110 aliquis
2106 1029 2439 1100 invenitur,
2468 1035 2533 1090 et
2560 1029 2679 1090 hoe
2707 1050 2851 1090 cum
2880 1030 3205 1092 celeritate

737 1155 861 1216 qua
902 1139 1130 1215 potest,
1173 1139 1238 1196 et
1281 1135 1548 1196 maxime
1590 1136 1756 1215 apud
1805 1134 2152 1214 Ledebury.
2252 1135 2350 1196 De
2398 1135 2584 1196 modo
2633 1135 2901 1198 faciendi
2946 1136 3201 1198 vineam

737 1245 1020 1302 nostram
1076 1240 1154 1300 de
1211 1240 1540 1319 Ledebury
1593 1239 1770 1302 vobis
1826 1240 2111 1319 apercius
2166 1239 2543 1310 scribemus;
2598 1246 2697 1301 set
2742 1241 2893 1320 quia
2946 1245 3201 1320 tempus

739 1367 868 1408 non
911 1348 1090 1408 adest
1131 1347 1196 1406 in
1238 1345 1409 1407 brevi
1451 1346 1714 1407 eandem
1763 1345 2050 1416 faciendi,
2092 1345 2451 1406 distulimus
2500 1346 2578 1407 de
2624 1345 2867 1406 factura
2913 1346 3199 1425 ejusdem

734 1455 878 1534 plus
921 1453 1044 1514 ista
1084 1453 1218 1514 vice
1259 1453 1573 1513 mandare.
1657 1452 1825 1512 Item
1868 1452 2240 1512 mandamus
2281 1450 2449 1531 quod
2487 1471 2616 1511 non
2650 1450 2790 1512 sitis
2822 1451 2915 1512 ita
2946 1451 3200 1512 solliciti

735 1579 852 1620 nec
914 1559 1148 1620 assidui
1209 1557 1374 1620 circa
1435 1558 1639 1619 curias
1701 1558 2005 1618 tenendas
2074 1563 2138 1618 et
2205 1557 2437 1637 placita
2506 1556 2815 1618 audienda
2889 1557 3043 1638 quin
3118 1559 3197 1618 ad

733 1665 1130 1744 gaynagium¹
1192 1670 1499 1725 terrarum
1560 1669 1625 1724 et
1685 1664 1890 1724 exitus
1950 1663 2345 1742 grangiarum
2414 1669 2479 1724 et
2546 1662 2669 1722 alia
2730 1667 3199 1743 aprovamenta²

731 1769 1150 1830 maneriorum
1193 1769 1477 1828 habeatis
1518 1788 1625 1829 cor
1664 1768 1973 1828 directum
2021 1773 2085 1829 et
2141 1767 2421 1828 animum
2477 1767 2877 1846 vigilantem;
2933 1767 3001 1827 in
3048 1787 3195 1848 gay-

731 1875 934 1954 nagiis
988 1894 1153 1946 vero,
1204 1880 1270 1935 et
1316 1875 1615 1944 instaum,
1679 1893 1752 1934 ac
1807 1873 2271 1953 aprovamentis
2319 1872 2680 1950 hujusmodi
2727 1873 3018 1933 consistit
3066 1893 3197 1934 non

729 1979 1048 2040 modicum
1105 1978 1521 2048 commodum,
1585 1983 1649 2039 et
1707 1978 1942 2057 absque
1998 1976 2136 2037 labe
2192 1977 2473 2056 peccati;
2530 1997 2659 2037 non
2716 1977 2983 2039 dicimus
3041 1979 3197 2059 quin

730 2085 895 2145 circa
923 2104 1120 2144 unum
1148 2089 1212 2144 et
1241 2083 1426 2154 aliud,
1457 2089 1767 2163 quatenus
1799 2083 2068 2144 fideliter
2100 2088 2164 2144 et
2202 2083 2370 2162 juste
2411 2087 2621 2162 potest
2649 2082 2800 2153 fieri,
2830 2083 3194 2146 intendatis.

733 2191 833 2251 De
880 2190 1109 2251 relevio
1158 2188 1511 2250 Comitatus
1568 2189 2051 2250 Herefordensis
2098 2188 2478 2259 differemus,
2526 2194 2599 2249 ut
2648 2189 3005 2250 consultum
3054 2196 3193 2252 est:

727 2294 1096 2356 fidelitatem
1137 2293 1295 2355 bene
1336 2294 1658 2373 potuimus
1699 2315 1921 2375 capere
1962 2315 1999 2355 a
2041 2295 2294 2356 domino
2334 2295 2411 2354 N.
2455 2293 2783 2374 Syfiewast
2820 2296 2957 2356 sine
2992 2297 3197 2357 nostri

728 2402 1090 2482 prejudicio,
1134 2407 1206 2462 ut
1247 2403 1606 2463 consultum
1647 2409 1782 2463 erat
1824 2402 2038 2464 nobis:
2096 2422 2221 2482 quo
2263 2402 2342 2462 ad
2390 2407 2627 2464 sectam
2675 2423 2828 2470 vero,
2869 2410 3196 2483 respectus

726 2513 942 2570 nostre
983 2507 1190 2568 littere
1231 2508 1424 2569 exibit
1463 2509 1531 2566 in
1572 2507 1761 2568 brevi.
1847 2508 2158 2578 Ceterum,
2188 2507 2457 2587 receptis
2498 2507 2623 2568 hiis
2662 2507 2909 2579 litteris,
2952 2509 3195 2571 adeatis

729 2613 1023 2674 Castrum
1078 2619 1384 2684 nostrum,
1427 2618 1499 2673 ut
1555 2614 1631 2674 de
1687 2613 1925 2673 familia
1980 2613 2209 2674 ibidem
2266 2613 2452 2674 modo
2507 2633 2632 2693 quo
2686 2613 3037 2692 predictum
3093 2621 3195 2677 est

726 2720 984 2800 possitis
1016 2720 1337 2790 ordinare;
1380 2725 1705 2799 portantes
1743 2720 2066 2782 vobiscum
2108 2740 2281 2780 arma
2322 2719 2661 2780 existencia
2702 2721 2869 2800 apud
2912 2721 3191 2802 Sugwas‚

724 2826 816 2886 ita
862 2827 1028 2906 quod
1076 2826 1145 2886 in
1193 2826 1468 2887 adventu
1514 2845 1730 2887 eorum
1779 2827 1909 2906 qui⁸
1950 2826 2137 2887 modo
2186 2830 2335 2886 sunt
2382 2825 2631 2886 venturi
2672 2826 2751 2886 ad
2798 2831 3011 2904 partes
3050 2827 3195 2889 illas

725 2954 839 3015 per
905 2934 1140 3013 Regem
1209 2954 1323 3014 pro
1394 2934 1678 2994 Marchia
1739 2933 2147 2996 custodienda
2208 2933 2348 2995 sitis
2416 2932 2647 2995 ibidem
2710 2932 2791 2994 ad
2850 2933 3192 2995 videndum

724 3040 992 3119 qualiter
1039 3040 1348 3121 incipiunt
1396 3040 1634 3101 factum
1683 3061 1887 3111 suum,
1931 3046 1996 3101 et
2044 3060 2155 3101 vos
2206 3045 2357 3100 tunc
2404 3040 2707 3119 temporis
2756 3040 2959 3101 sciant
3000 3040 3087 3101 ibi
3134 3042 3190 3103 si

722 3145 882 3207 forte
924 3146 1132 3227 aliqua
1158 3147 1354 3207 velint
1379 3147 1557 3208 vobis
1599 3147 1803 3208 dicere
1832 3147 1931 3207 vel
1971 3146 2286 3207 mandare.
2369 3145 2664 3207 Valeatis.
2750 3146 2989 3206 Datum
3022 3147 3189 3227 apud

722 3252 1062 3313 Folehame
1117 3252 1218 3314 die
1276 3252 1571 3313 Mercurii
1625 3254 1691 3311 in
1747 3252 2005 3314 Octabis
2064 3252 2278 3314 Sancti
2340 3250 2619 3313 Martini.
2734 3251 2801 3313 Si
2854 3252 3187 3314 constabu-

721 3358 916 3418 larius
958 3363 1174 3419 noster
1213 3356 1467 3419 bladum
1509 3363 1572 3419 et
1607 3378 1871 3419 avenam
1900 3358 2227 3418 hominum
2255 3357 2332 3418 de
2361 3357 2560 3418 tribus
2588 3356 2752 3417 villis
2786 3358 2865 3417 ad
2893 3357 3189 3419 Castrum

719 3470 1009 3525 nostrum
1078 3469 1380 3545 tanquam
1454 3469 1738 3525 staurum
1807 3465 2089 3524 nondum
2158 3464 2374 3525 fecerit
2448 3463 2685 3533 cariari,
2756 3470 2909 3525 tunc
2980 3464 3185 3527 eidem

719 3569 1063 3649 injungatis
1117 3570 1283 3649 quod
1339 3569 1493 3629 illud
1545 3564 1736 3630 faciat
1789 3570 2044 3630 nomine
2099 3568 2461 3649 empcionis,
2503 3568 2602 3630 vel
2642 3589 3017 3649 quocunque
3062 3571 3186 3632 alio

722 3676 910 3737 modo
952 3676 1351 3737 commodum
1399 3681 1685 3737 nostrum
1735 3676 1939 3736 facere
1985 3675 2249 3755 poterit;
2307 3674 2459 3734 dum
2506 3680 2721 3736 tamen
2760 3676 3061 3754 procedat
3108 3676 3187 3737 de

719 3781 1046 3842 voluntate
1107 3781 1206 3843 vel
1267 3782 1680 3861 permissione
1737 3782 2067 3841 hominum
2123 3781 2564 3859 predictorum,
2624 3779 2792 3859 quod
2853 3781 2945 3841 eis
2999 3780 3185 3843 debet

721 3886 967 3967 placere
1007 3892 1264 3967 propter
1316 3886 1662 3967 periculum
1706 3887 2115 3957 Walensium,
2158 3886 2265 3965 qui
2320 3885 2587 3946 libenter
2639 3906 2715 3946 ea
2767 3892 3077 3965 raperent,
3120 3893 3185 3949 et

719 3998 978 4073 propter
1016 3992 1362 4072 perieulum
1403 4013 1620 4053 eorum
1654 3992 1730 4053 de
1765 3992 1988 4052 Castro
2021 3991 2099 4052 de
2133 3991 2548 4070 Mungomery
2576 4010 2745 4051 nunc
2772 3990 3184 4051 existencium

720 4102 785 4157 et
842 4098 969 4158 cito
1026 4096 1438 4169 veniencium,
1498 4098 1606 4177 qui
1663 4098 1948 4158 fortassis
2006 4096 2169 4158 bona
2230 4095 2651 4175 predictorum
2712 4095 3041 4156 hominum
3102 4098 3183 4157 ad

720 4202 1198 4263 instaurandum
1242 4202 1534 4265 Castrum
1577 4224 1762 4265 suum
1802 4208 2095 4283 raperent
2132 4207 2196 4263 et
2232 4206 2665 4281 asportarent;
2707 4200 3017 4281 fingentes
3052 4222 3179 4274 e08,

720 4313 785 4368 et
833 4308 887 4369 si
937 4308 1337 4381 mendaciter,
1387 4330 1526 4371 esse
1574 4309 1978 4371 adversarios.
2082 4310 2171 4369 Et
2218 4309 2271 4369 si
2314 4308 2812 4370 constabularius
2853 4305 2999 4370 alibi
3038 4330 3179 4391 pro·

720 4415 946 4477 viderit
986 4416 1064 4478 de
1105 4415 1306 4487 blado,
1351 4437 1564 4485 avena,
1609 4416 1709 4477 vel
1755 4416 1878 4478 alio
1920 4416 2201 4476 instauro
2242 4434 2353 4494 per
2393 4414 2661 4493 patriam
2704 4415 2784 4474 ad
2824 4416 3179 4487 emendum,

719 4520 818 4581 vel
880 4522 1102 4581 emerit
1161 4522 1290 4601 jam
1353 4522 1516 4582 sicut
1577 4522 1936 4583 continetur
1997 4522 2063 4580 in
2124 4521 2291 4581 dicto
2354 4520 2733 4599 transcripto
2792 4522 3001 4583 littere
3060 4523 3181 4583 sibi

717 4625 927 4696 misse,
963 4630 1116 4685 tunc
1157 4627 1234 4686 de
1275 4627 1522 4687 redditu
1564 4632 1779 4687 nostro
1825 4626 2040 4688 Sancti
2082 4622 2327 4686 Andree
2367 4624 2611 4685 faciatis
2644 4645 2756 4685 vos
2796 4626 3036 4687 salvere
3068 4647 3181 4707 per

715 4728 942 4791 manus
1003 4737 1261 4802 vestrae,
1327 4738 1632 4810 quantum
1701 4732 2085 4793 custaverint
2153 4732 2321 4791 dicta
2388 4730 2553 4791 bona
2608 4731 2699 4791 sic
2760 4738 2991 4811 empta,
3048 4752 3181 4794 non

917 4877 1322 4925 l—Gaynagium.
1351 4876 1649 4925 cultivation.
1677 4877 2009 4971 aragffid’arfflg
2051 4940 2147 4977 Μ
2310 4877 2772 4925 2-Abrovamenta,
2800 4876 2983 4925 proflts.
