3619 5868
501 1152 601 1195 Fol.
627 1153 692 1193 21.

802 523 882 583 64
1465 520 1821 599 Reqistrum
1879 521 2097 581 Thome
2152 520 2224 580 de
2283 520 2613 599 Cantilupo

805 748 960 825 Auq.
1005 751 1103 817 25,
1147 746 1578 807 1275.—Wr2‘t
1622 753 1679 805 to
1725 746 1823 806 the
1872 746 2110 823 She-rz'ff
2158 746 2227 825 os
2274 744 2742 825 Herefordshire
2799 751 2857 805 to
2913 744 3133 803 release
3188 764 3268 804 on

1051 827 1179 887 baie
1232 828 1466 887 certain
1515 827 1696 887 cattle
1751 827 1823 904 of
1856 826 2068 904 Ralph
2112 826 2162 885 le
2218 826 2424 903 W'y‘ne,
2476 824 2843 905 impounded
2882 824 3265 903 wroanully,

1049 928 1119 968 as
1161 908 1409 985 alleqed,
1455 908 1530 985 by
1573 915 1845 967 servants
1875 908 1945 986 of
1981 906 2077 967 the
2118 906 2543 985 Bishop-elect.
2628 906 3023 983 Proceedinqs
3068 914 3266 965 trans-

1037 989 1248 1069 ferred
1278 990 1449 1069 from
1488 989 1956 1068 Heresordshire
2000 996 2056 1049 to
2106 988 2539 1048 westminster.

973 1144 1175 1205 Breve
1217 1163 1328 1223 per
1368 1144 1537 1223 quod
1593 1144 1901 1204 Badulfus
1959 1144 2165 1223 Wyne
2219 1142 2573 1222 implacitat
2628 1143 3015 1222 Episcopum
3070 1140 3268 1201 Here-

807 1249 1099 1310 fordsem.

974 1380 1869 1453 HnsnFoRDE.-Edwardus,
1927 1386 2073 1453 etc„
2125 1380 2491 1442 Vicecomiti
2547 1379 2919 1440 Herefordie
2973 1380 3265 1440 salutem.

819 1488 1210 1565 Precipimus
1253 1488 1368 1547 tihi
1411 1488 1580 1567 quod
1621 1487 1788 1566 juste
1832 1495 1895 1547 et
1926 1487 2061 1548 sine
2090 1486 2396 1547 dilacione
2422 1486 2750 1566 replegiari
2776 1486 2975 1547 facias
3004 1485 3273 1547 Radullo

821 1595 879 1656 le
909 1594 1115 1673 wyne
1157 1595 1366 1654 averia
1414 1613 1550 1665 sua,
1597 1614 1718 1673 que
1765 1593 2068 1672 Magister
2112 1593 2408 1665 ThomaS,
2458 1592 2720 1653 Electus
2767 1590 3269 1663 Herelordensis,

808 1700 850 1762 J
852 1700 1135 1761 ohannes
1165 1698 1240 1760 de
1271 1698 1626 1771 Horsnede,
1659 1686 2015 1759 willelmus
2044 1699 2337 1771 Luvetot,
2369 1708 2433 1759 et
2462 1697 2770 1759 Ricardus
2807 1697 2888 1758 de
2926 1696 3270 1776 Clehangre

812 1810 1112 1885 ceperunt
1142 1811 1207 1865 et
1235 1804 1471 1882 injuste
1499 1804 1804 1876 detinent,
1836 1810 1907 1866 ut
1936 1803 2165 1865 dicitur
2188 1824 2203 1877 ;
2244 1812 2308 1865 et
2337 1810 2555 1884 postea
2582 1823 2657 1864 ea
2682 1802 2828 1864 inde
2855 1803 3021 1881 juste
3050 1802 3270 1863 deduci

813 1912 1012 1973 facias
1067 1931 1148 1971 ne
1203 1911 1473 1991 amplius
1529 1917 1648 1971 etc.
1761 1911 1951 1971 Teste
2000 1910 2243 1990 meipso
2292 1910 2459 1989 apud
2510 1909 2932 1981 Macclesfeld,
2992 1930 3117 1969 xxv
3170 1908 3267 1969 die

821 2017 1108 2095 Augusti,
1171 2036 1338 2078 anno
1397 2017 1609 2077 tercio.
1724 2016 1865 2077 Hec
1921 2016 2169 2097 loquela
2224 2015 2343 2076 fuit
2398 2016 2462 2075 in
2518 2014 2823 2077 comitatu
2880 2014 3267 2075 Herefordie.

820 2123 1054 2183 Postea
1092 2123 1300 2202 posita
1337 2122 1454 2183 fuit
1493 2142 1603 2203 per
1635 2122 1905 2184 eundem
1944 2121 2283 2183 Radulium
2324 2123 2382 2181 le
2420 2122 2627 2202 Wyne
2655 2140 2869 2182 coram
2896 2120 3272 2182 Justiciariis

819 2231 985 2310 apud
1028 2230 1685 2301 westmonasterium,
1731 2249 1768 2289 a
1795 2228 1897 2289 die
1942 2229 2154 2289 Sancti
2200 2228 2529 2289 Michaelis
2570 2227 2634 2287 in
2678 2247 2758 2289 xv
2798 2226 2951 2287 dies.

809 2490 1283 2616 Adjournwwnts
1327 2536 1398 2595 in
1440 2534 1536 2599 the
1580 2534 1724 2594 Sua
1765 2533 1919 2593 with
1960 2532 2173 2613 Razph
2216 2533 2267 2593 ze
2314 2533 2518 2611 Wyne.

983 2694 1230 2755 Placita
1268 2712 1478 2754 coram
1519 2692 1558 2753 J
1562 2691 1897 2753 usticiariis
1936 2691 2105 2770 apud
2134 2691 2787 2762 westmonasterium,
2829 2708 2870 2750 a
2914 2689 3015 2749 die
3062 2688 3267 2749 Sancti

819 2800 1153 2861 Michaelis
1180 2800 1246 2860 in
1277 2820 1357 2860 xv
1385 2799 1538 2871 dies,
1571 2818 1738 2859 anno
1768 2797 1962 2858 tercio
1990 2798 2164 2875 regni
2192 2796 2379 2875 Regis
2409 2795 2759 2878 E[dwardi]
2784 2842 2796 2853 .

977 2934 1407 2996 Hmmronnm.
1433 2969 1512 2978 —
1535 2932 1890 3011 Episcopus
1989 2928 2473 2991 Herefordensis
2566 2928 2795 3008 optulit
2894 2947 2962 2988 se
3054 2945 3263 2989 versus

812 3039 1154 3100 Radulfum
1205 3039 1262 3099 le
1320 3038 1543 3116 Wyne,
1603 3043 1667 3096 et
1721 3037 1933 3115 posuit
1982 3036 2119 3096 loco
2168 3055 2282 3096 suo
2339 3035 2541 3095 Adam
2597 3033 2676 3094 de
2734 3033 3263 3113 Symmyngfeuld,

815 3146 916 3208 vel
969 3146 1236 3206 Alanum
1281 3145 1358 3205 de
1401 3142 1878 3224 Chyppenham.
1987 3142 2075 3201 Et
2116 3141 2436 3220 predictus
2479 3140 2807 3212 Badulius,
2857 3140 2965 3218 qui
3007 3157 3263 3219 querens

817 3259 936 3323 est,
968 3251 1087 3311 suit
1130 3249 1504 3321 essoniatus,
1537 3256 1599 3308 et
1643 3248 1751 3308 alii
1779 3247 1842 3306 in
1887 3246 2059 3306 brevi
2089 3247 2339 3306 fuerunt
2370 3247 2703 3314 essoniati;
2750 3252 2813 3306 et
2842 3245 3079 3305 habent
3108 3243 3263 3304 diem

815 3376 856 3418 a
884 3357 986 3416 die
1016 3356 1219 3416 sancti
1247 3354 1521 3434 Hyllarii
1551 3354 1614 3412 in
1645 3373 1723 3412 xv
1751 3352 1906 3413 dies.

978 3488 1224 3549 Placita
1265 3507 1476 3548 coram
1521 3484 1898 3547 Justiciariis
1942 3483 2112 3562 apud
2142 3483 2797 3554 westmonasterium,
2838 3501 2877 3542 a
2920 3481 3022 3542 die
3054 3480 3260 3542 Sancti

813 3595 1068 3656 Hillarii
1097 3595 1162 3653 in
1192 3614 1270 3654 xv
1295 3593 1447 3665 dies,
1480 3612 1648 3653 anno
1677 3591 1850 3669 regni
1879 3590 2067 3668 Regis
2095 3587 2449 3670 E[dwardi]
2496 3587 2711 3648 terci0.

978 3725 1849 3802 Haemoniam—Episcopus
1880 3720 2361 3782 Herefordensis
2388 3726 2452 3780 et
2482 3719 2587 3779 alii
2615 3720 2681 3779 in
2710 3719 2881 3780 brevi
2910 3719 3263 3798 optulerunt

813 3853 881 3896 se
931 3853 1149 3896 versus
1191 3831 1531 3892 Badulium
1573 3830 1631 3890 le
1662 3830 1887 3908 Wyne,
1940 3835 2002 3888 et
2046 3826 2356 3887 Badulius
2400 3827 2517 3886 fuit
2559 3826 2915 3887 essoniatus
2958 3825 3126 3906 quod
3172 3831 3262 3886 est

815 3941 883 4002 in
939 3939 1201 4001 servicio
1256 3939 1462 4016 Regis.
1577 3937 1730 3996 Dies
1787 3953 1825 3995 a
1884 3934 1983 3994 die
2044 3935 2273 3994 Sancte
2344 3932 2673 3992 Trinitatis
2740 3933 2807 3992 in
2862 3953 2939 3992 xv
2996 3933 3148 4005 dise,
3202 3937 3260 3992 et

813 4045 1138 4109 sciendum
1181 4043 1347 4126 quod
1389 4044 1554 4103 idem
1599 4041 1928 4110 Radulfus,
1960 4039 2066 4119 qui
2100 4058 2367 4118 querens
2410 4043 2527 4110 est,
2558 4037 2677 4098 tuit
2720 4039 2876 4099 alias
2918 4039 3263 4099 essoniatus

817 4173 854 4214 a
882 4153 982 4214 die
1015 4152 1232 4213 Sancti
1261 4150 1591 4212 Michaelis
1619 4149 1685 4208 in
1714 4169 1794 4210 xv
1824 4149 1976 4210 dies.

817 4434 1039 4496 March
1111 4437 1207 4502 30,
1279 4429 1985 4508 1278.-D2'spensati0n
2048 4427 2302 4506 granted
2373 4435 2429 4487 to
2494 4427 2661 4487 John
2726 4425 2959 4494 Abbad,
3034 4425 3109 4503 by
3180 4423 3272 4484 the

1061 4512 1376 4590 authority
1419 4512 1489 4590 os
1535 4532 1574 4570 a
1629 4511 1780 4570 Buce
1822 4511 1890 4588 os
1938 4509 2100 4588 Popc
2153 4509 2437 4586 Greyory,
2498 4515 2554 4568 to
2610 4507 2815 4567 enable
2866 4505 2997 4565 him
3040 4513 3099 4566 to
3143 4505 3271 4565 take

1067 4595 1305 4661 Orders,
1351 4593 1475 4652 and
1517 4591 1728 4651 obtain
1781 4611 1867 4650 an
1920 4589 2354 4650 ecclesiastical
2410 4589 2673 4667 bevwfice,
2724 4586 3273 4664 mtwithstandinq

1065 4676 1161 4735 the
1202 4675 1392 4754 defcct
1434 4674 1504 4753 os
1537 4671 1956 4750 illeqitimacy.

985 4835 1327 4896 Jonanrms
1419 4829 2090 4909 Aenum—Gregorius
2178 4828 2550 4908 Episcopus,
2638 4827 2867 4888 Servus
2952 4843 3271 4885 servorum

825 4943 966 5014 Dei,
1013 4939 1372 5004 Venerabili
1416 4938 1643 5008 Fratri,
1689 4937 2005 5017 Episcopo
2050 4933 2516 5006 Hereiordensi,
2564 4933 2853 5004 salutem,
2888 4931 3183 5010 graciam,
3212 4934 3273 4990 et
