3619 5868
45 1261 168 1303 1201.
203 1262 286 1309 2b.

1196 567 1498 648 Episcopi
1551 567 2035 649 Heresordensis.
2810 574 2850 635 5

373 793 531 873 Any.
578 790 1324 871 10.—-Acknowledqment
1379 794 1450 871 of
1500 794 1596 854 the
1653 794 1881 875 receipt
1922 796 2093 873 from
2150 797 2248 857 the
2310 796 2577 877 Chapter
2626 798 2697 873 of
2734 804 2849 859 two

618 874 850 945 mitres,
900 893 942 933 a
975 874 1260 952 pastoral
1299 874 1467 953 staff,
1497 875 1624 935 and
1667 894 1711 934 a
1749 876 1888 955 ’νέης
1936 876 2044 955 left
2087 876 2164 955 by
2218 878 2538 957 precedinq
2580 877 2849 957 Bishops

607 960 720 1034 sor
754 956 850 1015 the
887 972 994 1015 use
1022 955 1092 1032 of
1130 954 1289 1015 their
1320 974 1650 1016 successore
1684 956 1755 1015 in
1802 957 1983 1036 office.
2071 957 2174 1018 All
2210 978 2318 1017 are
2360 966 2419 1019 to
2454 960 2520 1018 be
2558 958 2851 1020 returned

621 1035 1075 1193 “geht-{offam
1118 1036 1323 1096 unless
1369 1036 1466 1097 the
1515 1036 1703 1098 Abbot
1751 1040 1823 1113 of
1863 1038 2145 1117 Readinq
2188 1038 2352 1100 shall
2396 1040 2547 1100 have
2590 1039 2853 1101 claimed

627 1125 650 1179 t
766 1136 794 1178 s
919 1164 934 1176 .

542 1248 1375 1310 Hammeum—Omnibus
1433 1248 1668 1309 Christi
1723 1249 2013 1311 fidelibus
2072 1255 2395 1329 presentes
2454 1252 2703 1311 litteras
2756 1268 2851 1309 in·

377 1354 688 1435 spectaris
716 1354 1011 1423 Thomas,
1043 1359 1188 1425 etc„
1221 1354 1492 1414 salutem
1525 1354 1590 1413 in
1628 1353 1921 1414 Domino.
2038 1354 2357 1417 Noveritis
2391 1374 2507 1415 nos
2542 1355 2852 1434 recepisse

374 1482 413 1523 a
438 1459 901 1522 venerabilibus
929 1457 1229 1519 fratribus
1263 1459 1518 1529 nostris,
1542 1458 1833 1538 Capitulo
1872 1460 2341 1532 Hereiordensi,
2364 1479 2561 1521 unam
2597 1460 2851 1521 mitram

377 1566 748 1647 preciosam,
792 1583 982 1645 quam
1035 1564 1347 1624 Dominus
1400 1563 1774 1647 H[enricus]
1826 1566 2144 1645 quondam
2206 1566 2339 1626 Rex
2400 1566 2621 1644 Anglie
2676 1565 2853 1627 dedit

379 1673 570 1734 Petro
612 1670 928 1750 Episcopo
969 1677 1035 1730 et
1079 1669 1371 1749 Capitulo
1412 1669 1711 1749 predicte,
1761 1670 1842 1731 ad
1897 1690 2051 1732 usus
2094 1670 2291 1751 ipsius
2336 1672 2507 1733 Petri
2550 1672 2852 1751 quamdiu

378 1778 656 1849 viveret;
699 1782 765 1837 et
808 1794 1003 1836 unam
1037 1776 1226 1836 aliam
1261 1776 1537 1848 mitram,
1567 1796 1688 1857 que
1722 1776 1844 1837 fuit
1883 1777 2136 1838 Radulfi
2171 1778 2510 1858 Episcopi;
2555 1785 2619 1839 et
2653 1798 2851 1839 unum

375 1884 673 1944 baculum
716 1882 1120 1961 pastoralem,
1152 1882 1259 1962 qui
1305 1882 1422 1942 fuit
1461 1882 1774 1943 Johannis
1814 1884 2154 1964 Episcopi;
2203 1890 2265 1945 et
2296 1904 2491 1946 unum
2522 1885 2851 1957 annulum,

378 1988 486 2068 qui
542 1988 662 2048 fuit
720 1987 928 2067 Egidii
983 1987 1320 2067 Episcopi;
1391 1988 1674 2067 precario
1730 2008 1769 2049 a
1841 1989 2123 2068 predicto
2194 1990 2487 2070 Capitulo
2552 1990 2854 2069 quamdiu

375 2094 718 2155 vixerimus
759 2091 1154 2172 possidenda.
1262 2091 1400 2167 Que
1455 2093 1669 2153 omnia
1717 2093 1921 2154 eidem
1980 2094 2271 2172 Capitulo
2324 2114 2437 2175 per
2484 2104 2853 2157 executores

375 2205 630 2260 nostros
672 2197 845 2258 reddi
887 2198 1314 2277 promittimus
1356 2197 1518 2259 inira
1561 2218 1845 2260 mensem
1895 2219 1936 2261 a
1992 2199 2096 2261 die
2152 2200 2363 2261 obitus
2424 2200 2643 2261 nostri.
2750 2201 2858 2261 Ita
2910 2282 2917 2289 .

375 2310 591 2365 tamen
642 2303 830 2383 quod,
879 2304 932 2365 si
989 2303 1202 2364 Abbas
1249 2302 1328 2362 de
1387 2303 1722 2382 Radinges¹
1765 2304 2013 2366 evincat
2070 2306 2307 2365 dictum
2362 2306 2659 2367 baculum
2709 2325 2852 2384 pas-

374 2410 662 2480 toralem,
731 2429 846 2471 nos
904 2418 1017 2469 aut
1079 2417 1444 2471 executores
1508 2410 1708 2469 nostri
1771 2412 1851 2471 ad
1915 2431 2059 2472 eum
2127 2410 2519 2471 reddendum
2592 2412 2851 2473 minime

373 2523 722 2576 teneamur.
825 2515 902 2575 In
963 2516 1145 2595 cujus
1202 2516 1312 2586 rei,
1373 2520 1492 2575 etc.
1595 2515 1839 2577 Datum
1892 2517 2061 2596 apud
2120 2516 2489 2595 Prestbury,
2543 2517 2631 2595 iiij
2696 2516 2854 2579 Idus

377 2620 668 2699 Augusti,
715 2638 882 2680 anno
926 2620 1182 2680 Domini
1227 2620 1690 2682 M⁰CC⁰LXX⁰
1733 2622 1972 2701 quinte.

373 2853 532 2932 Auq.
579 2856 662 2913 10
685 2853 1003 2933 —Appeal
1053 2861 1112 2915 to
1164 2855 1261 2915 the
1302 2855 1455 2916 civia
1496 2856 1863 2917 authorities
1906 2856 1977 2933 of
2012 2856 2317 2936 Heresord
2372 2864 2430 2918 to
2470 2865 2703 2937 respect
2753 2856 2852 2919 the

620 2934 864 2996 ancient
905 2934 1102 3014 riqhts
1143 2938 1270 2998 and
1301 2937 1629 3016 privileqes
1671 2938 1742 3016 os
1778 2939 1878 2999 the
1918 2938 2156 3018 Bishop
2196 2938 2324 2999 and
2369 2940 2467 2999 the
2515 2942 2808 3018 Chapter.

543 3091 1229 3155 HnsnronnE.-Viris
1270 3093 1550 3173 providis
1593 3105 1656 3155 et
1696 3094 1983 3155 discretis
2020 3095 2240 3155 amicis
2277 3095 2342 3154 in
2380 3094 2633 3155 Christo
2661 3093 2851 3155 caris-

375 3196 574 3267 simiS,
607 3197 853 3257 ballivis
882 3216 956 3258 ac
987 3198 1128 3259 aliis
1155 3199 1395 3259 civibus
1428 3198 2014 3271 Hereiordensibus,
2048 3199 2347 3271 Thomas,
2380 3205 2523 3271 etc„
2556 3199 2849 3272 salutem,

375 3308 497 3361 etc.
586 3301 746 3363 Cum
791 3302 1087 3383 Episcopi
1130 3310 1194 3364 et
1240 3304 1481 3365 Decani
1523 3305 2044 3377 Herefordenses,
2088 3305 2195 3384 qui
2242 3305 2495 3365 fuerunt
2538 3323 2652 3383 pro
2694 3312 2853 3364 tem-

377 3425 545 3486 pore,
593 3428 664 3468 ac
714 3408 997 3487 ejusdem
1047 3410 1168 3470 loci
1207 3410 1592 3489 Capitulum,
1644 3417 1708 3472 et
1757 3430 1975 3472 eorum
2026 3417 2319 3472 tenentes
2369 3411 2431 3470 in
2484 3410 2741 3471 civitate
2789 3417 2855 3471 et

379 3504 680 3576 suburbio
750 3514 1139 3589 Hereiordie,
1212 3518 1447 3578 multas
1530 3517 1857 3579 libertates
1930 3524 1993 3579 et
2065 3517 2291 3577 liberas
2362 3515 2853 3577 consuetudines

375 3619 736 3693 habuerint,
785 3629 849 3682 et
898 3622 988 3682 eis
1035 3623 1101 3682 iu
1151 3641 1305 3702 pace
1348 3624 1476 3683 sint
1520 3627 1618 3684 usi
1661 3623 2005 3684 multorum
2050 3623 2291 3701 Regum
2340 3621 2728 3699 temporibus
2770 3619 2851 3681 ab

378 3726 661 3806 antiquo,
718 3725 972 3805 quidam
1031 3727 1229 3806 ipsius
1283 3727 1484 3788 incole
1555 3728 1833 3789 civitatis
1902 3727 2105 3799 nobis,
2165 3726 2526 3787 hominibus
2594 3726 2845 3798 nostris,

380 3832 640 3893 Decano
681 3840 745 3893 et
790 3832 1085 3912 Capitulo
1133 3853 1207 3894 ac
1263 3852 1480 3893 eorum
1524 3833 1905 3906 bominibus,
1955 3833 2174 3904 multa,
2220 3837 2293 3894 ut
2336 3831 2586 3904 dicitur,
2632 3850 2851 3909 grava-

376 3939 552 3999 mina
605 3939 904 4011 inferunt,
965 3951 1029 4000 et
1087 3939 1368 4001 afficiunt
1425 3940 1642 4000 multis
1699 3939 1947 4018 injuriis
2002 3947 2222 4001 contra
2279 3937 2592 4016 predictas
2667 3936 2849 3998 liber-

376 4052 569 4119 tates,
612 4065 722 4107 eas
776 4056 1090 4126 quatenus
1146 4047 1212 4107 in
1266 4047 1421 4126 ipsis
1475 4053 1572 4107 est
1623 4067 1749 4107 non
1793 4047 2033 4126 absque
2074 4045 2381 4124 sacrilegii
2439 4043 2698 4104 crimine
2758 4043 2850 4102 in·

377 4151 725 4231 fringendO,
798 4163 863 4212 et
931 4153 1131 4212 eciam
1195 4157 1416 4213 contra
1475 4151 1968 4232 composiciones
2030 4151 2204 4230 prius
2262 4149 2459 4209 initas
2520 4146 2849 4210 veniendo·

377 4248 688 4324 Quocirca
733 4248 1208 4310 universitatem
1250 4256 1547 4321 vestram,
1608 4269 1799 4329 quam
1849 4267 1959 4328 pre
2023 4248 2163 4308 aliis
2216 4247 2463 4308 sincera
2512 4245 2851 4306 affeccione

376 4345 715 4426 diligimus,
747 4352 994 4407 attente
1032 4346 1408 4427 requirimus
1435 4354 1499 4407 et
1541 4366 1856 4426 rogamus,
1889 4364 1998 4406 vos
2027 4345 2093 4404 in
2124 4343 2397 4404 Domino
2438 4341 2848 4415 exhortandO,

375 4443 678 4524 quatinus
707 4444 1090 4523 permittatis
1118 4442 1310 4504 libere
1339 4462 1473 4515 nos,
1507 4444 1906 4514 senescallos,
1938 4442 2222 4514 ballivos,
2259 4447 2325 4502 et
2362 4441 2521 4501 alios
2559 4439 2851 4500 homines

376 4549 650 4613 nostros,
721 4561 792 4601 ac
855 4540 1241 4601 venerabiles
1308 4541 1532 4602 fratres
1601 4548 1870 4612 nostros,
1952 4541 2279 4601 Decanum
2350 4544 2417 4599 et
2487 4536 2850 4616 Capitulum

375 4638 663 4699 Ecclesie
693 4644 926 4710 nostre,
971 4637 1156 4698 dictis
1197 4637 1592 4699 libertatibus
1634 4648 1699 4698 et
1728 4638 1940 4699 liberis
1982 4634 2545 4698 consuetudinibus
2587 4633 2654 4692 in
2695 4651 2853 4712 pace

375 4735 684 4815 gaudere;
750 4754 876 4795 nou
923 4735 1285 4807 inferentes,
1336 4755 1451 4795 nec
1499 4735 1712 4797 inferri
1760 4735 2221 4815 permittentes,
2281 4731 2482 4803 nobie,
2530 4729 2849 4809 Capitulo,

378 4852 491 4895 seu
545 4833 797 4905 nostris,
842 4831 1188 4910 dampnum
1233 4831 1506 4911 aliquod,
1543 4832 2086 4912 impedimentum,
2132 4829 2514 4901 molestiam,
2558 4846 2669 4888 seu
2711 4845 2849 4906 gra-

501 4967 755 5014 l-BIshon
778 4968 904 5008 «John
931 4967 974 5008 le
1003 4967 1179 5008 Breton
1206 4979 1309 5009 was
1333 4968 1518 5014 greatly
1545 4967 1593 5008 in
1619 4967 1730 5010 debt
1757 4972 1809 5010 at
1839 4967 1914 5008 his
1940 4967 2101 5008 death.
2170 4967 2267 5008 The
2301 4964 2421 5007 staff
2448 4976 2557 5012 may
2590 4965 2711 5005 have
2738 4963 2857 5005 been

372 5017 664 5065 mertanne&
692 5018 779 5058 but
805 5029 867 5058 no
891 5017 1197 5064 explanation
1225 5029 1316 5058 can
1344 5017 1400 5058 be
1426 5016 1588 5059 found.
