3619 5868
1204 535 1504 616 Episcopi
1558 534 2039 614 Herefordensis.
2770 536 2852 596 99

386 799 544 877 July
607 801 664 868 1,
724 797 1254 858 1276.——Thomas
1315 798 1388 857 de
1457 797 1847 876 Wichenford
1909 797 2035 856 and
2098 797 2264 857 John
2316 797 2389 857 de
2444 797 2645 856 Ebulo
2704 797 2853 857 have

635 879 888 1020 aad
908 878 1613 1038 ss
1648 877 1994 1018 aaa
2038 877 2706 1037 ,10st
2756 958 2853 1019 ,ω

623 961 871 1131 'gozshop
913 1040 983 1119 of
1025 1040 1367 1100 Worcester.
1471 1040 1567 1099 He
1628 1039 1865 1099 decides
1930 979 2052 1098 inp
2047 1040 2280 1118 favour
2335 1039 2404 1118 of
2461 1039 2556 1098 the
2599 1040 2847 1117 former,

633 1121 766 1181 who
814 1141 870 1181 ‘ts
928 1128 987 1181 to
1028 1141 1156 1199 pay
1209 1126 1452 1197 twenty·
1433 1120 1620 1180 -three
1666 1120 1873 1180 marks
1920 1121 2130 1198 yearly
2183 1127 2239 1180 to
2292 1120 2387 1180 the
2440 1120 2659 1190 latter;
2718 1119 2853 1180 who

636 1202 810 1280 beiny
863 1221 904 1261 a
946 1201 1258 1280 soreiqner
1311 1201 1437 1261 and
1497 1200 1679 1261 much
1738 1201 2025 1279 occupied
2084 1201 2237 1260 with
2296 1221 2457 1261 ‘more
2517 1200 2852 1280 important

632 1281 814 1353 work,
858 1289 1079 1342 cannot
1120 1281 1440 1360 discharye
1485 1282 1582 1342 the
1615 1281 1943 1361 parochial
1982 1281 2202 1342 datie-3.

555 1452 920 1513 ORDonio
960 1451 1198 1512 Tnomu
1239 1469 1326 1510 nn
1359 1451 2263 1512 Wroneronna.—Universis
2293 1450 2527 1512 Christi
2562 1449 2852 1511 fidelibus

382 1568 745 1639 presentem
787 1557 1083 1638 paginam
1130 1557 1506 1636 inspecturis
1534 1557 1831 1627 Thomas,
1864 1562 1983 1616 etc.
2077 1557 2177 1618 Ea
2205 1576 2326 1636 que
2353 1557 2644 1635 legitimis
2674 1575 2851 1616 sanc-

384 1665 672 1727 cionibus
715 1669 780 1726 et
824 1664 1143 1726 canonicis
1181 1662 1650 1731 tradicionibus,
1683 1662 2028 1724 secundum
2061 1663 2531 1724 estimacionem
2561 1682 2853 1743 quorum·

385 1771 560 1842 dam,
605 1770 898 1831 videntur
939 1769 1224 1841 adversa,
1271 1769 1427 1829 satis
1484 1787 1523 1827 a
1580 1767 1923 1846 majoribus
1980 1774 2277 1848 poterunt
2336 1769 2631 1838 tollerari,
2678 1769 2730 1828 si
2774 1769 2853 1830 ad

385 1877 603 1938 federa
659 1877 831 1954 pacis
887 1876 1054 1935 inter
1109 1874 1565 1936 contendentes
1627 1875 2081 1952 congruencius
2152 1874 2425 1934 ineunda
2485 1873 2855 1934 utilitatem·

386 2002 513 2064 que
569 1981 979 2060 plurimorum
1039 1981 1510 2059 competencius
1567 1980 1986 2041 inducendam
2043 1980 2377 2058 procedere
2424 1979 2850 2040 dinoscantur.

385 2089 468 2149 In
526 2089 784 2167 negocio
843 2087 1148 2168 siquidem
1210 2088 1338 2148 sive
1399 2107 1609 2157 causa,
1683 2085 1851 2166 quod
1919 2106 2031 2147 seu
2094 2106 2285 2168 quam
2341 2086 2730 2148 Venerabilis
2786 2086 2851 2146 in

385 2195 641 2256 Christo
683 2195 894 2264 Pater,
939 2193 1253 2254 Dominus
1297 2192 1694 2262 Godeiridus,
1733 2191 1854 2251 Dei
1897 2190 2109 2268 gracia
2153 2191 2625 2268 Wygorniensis
2670 2191 2854 2270 Epis-

384 2318 604 2379 copus»,
649 2297 830 2359 nobis
880 2299 1211 2370 commisit,
1258 2297 1423 2358 inter
1464 2297 1773 2358 Thomam
1824 2296 1902 2357 de
1947 2296 2365 2367 Wicheforde,
2412 2297 2725 2368 clericum,
2772 2296 2856 2357 ad

385 2405 717 2464 ecclesiam
781 2403 998 2464 Sancti
1068 2404 1241 2464 Petri
1301 2402 1419 2462 loci
1491 2399 1774 2480 ejusdem
1844 2401 1923 2461 de
1988 2401 2126 2479 jure
2185 2407 2537 2474 vacantem,
2598 2422 2637 2462 a
2691 2403 2855 2464 veris

385 2510 674 2590 patronis
714 2509 912 2589 ipsius
955 2510 1158 2570 eidem
1201 2509 1476 2570 Domino
1527 2508 1981 2586 Wygorniensi,
2028 2508 2145 2568 loci
2188 2509 2544 2580 diocesanO,
2576 2510 2855 2587 legitime

383 2622 843 2696 presentatum,
901 2635 978 2674 ex
1035 2619 1212 2694 parte
1268 2634 1413 2684 una,
1475 2619 1537 2674 et
1603 2613 1971 2691 magistrum
2034 2613 2391 2674 Johannem
2456 2613 2533 2674 de
2601 2613 2857 2686 Ebu10,¹

387 2723 517 2802 qui,
562 2721 822 2782 ecclesie
876 2719 1256 2800 possessioni
1311 2719 1554 2798 prefate
1610 2719 1687 2780 de
1744 2720 1916 2780 facto
1976 2719 2362 2792 incumbens,
2410 2719 2853 2780 admissionem

387 2834 455 2889 et
497 2826 966 2888 institucionem
1007 2825 1353 2906 presentati
1412 2827 1713 2886 asseritur
1755 2835 1980 2886 contra
2020 2823 2340 2904 justiciam
2383 2825 2703 2904 impedire,
2739 2845 2855 2905 pro

386 2954 466 2995 eo
506 2932 673 3013 quod
713 2939 858 3013 post
901 2933 1071 2994 illam
1120 2931 1448 2994 ecclesiam
1496 2931 1714 2994 Sancti
1757 2931 1950 3004 Petri,
1996 2932 2097 2993 cui
2154 2930 2505 2992 animarum
2563 2952 2715 2993 cura
2756 2938 2854 2993 est

387 3060 658 3111 annexa,
703 3039 1034 3119 quesitam,
1073 3040 1198 3099 alia
1249 3038 1550 3099 beneficia
1594 3058 1738 3099 cum
1783 3057 1937 3098 cura
1979 3038 2287 3098 consimili
2330 3037 2563 3117 absque
2606 3038 2852 3117 dispen-

387 3148 644 3208 sacione
688 3146 867 3207 Sedis
926 3146 1282 3225 Apostolice
1340 3145 1570 3205 dicitur
1610 3145 1940 3224 recepisse,
1985 3144 2386 3226 debitamque
2441 3144 2853 3205 residenciam

385 3252 454 3311 in
495 3252 637 3330 ipsa
675 3251 939 3312 ecclesia
983 3252 1200 3313 Sancti
1245 3250 1434 3321 Petri,
1482 3249 1626 3311 licet
1670 3249 1749 3309 ad
1792 3248 1913 3309 hoc
1967 3248 2149 3326 juxta
2205 3250 2510 3309 canonica
2563 3250 2858 3310 instituta

387 3359 624 3437 pluries
665 3362 960 3417 evocatus
1017 3356 1218 3417 facere
1277 3356 1627 3430 recusavit3
1688 3355 1952 3416 clericus
2010 3360 2393 3415 memoratus
2442 3360 2505 3415 et
2556 3354 2855 3434 magister

389 3464 716 3525 Gilbertus
757 3463 835 3523 de
895 3462 1244 3540 Haywode,
1291 3463 1664 3522 Procurator
1721 3460 2005 3540 magistri
2060 3460 2373 3521 Johannis
2424 3460 2736 3521 sufficiens
2786 3461 2852 3521 in

387 3568 798 3648 sequentibus
842 3567 1082 3627 habens
1125 3566 1516 3637 mandatum,
1547 3576 1692 3644 post
1733 3566 2043 3625 diutinam
2088 3566 2623 3626 concertacionem
2667 3585 2854 3645 super

385 3674 655 3737 ecclesia
693 3672 1024 3753 prelibata,
1057 3678 1119 3733 et
1157 3672 1314 3751 jure,
1348 3672 1400 3733 si
1443 3672 1609 3752 quod
1652 3672 1733 3732 ad
1778 3673 1983 3751 ipsam
2011 3672 2111 3733 vel
2144 3672 2209 3731 in
2246 3672 2357 3732 illa
2388 3680 2601 3750 partes
2636 3672 2853 3733 eedem

389 3781 734 3851 habebant,
794 3786 1008 3840 nostre
1070 3778 1475 3849 ordinacioni,
1541 3778 1728 3850 dict0,
1794 3798 1907 3840 seu
1975 3778 2166 3838 laudo
2234 3796 2302 3837 se
2374 3777 2654 3837 totaliter
2708 3777 2853 3838 sub-

387 3889 718 3947 miserunt.
826 3886 962 3946 Nos
1017 3884 1227 3963 itaque
1283 3885 1449 3944 inter
1515 3884 1686 3963 ipsas
1741 3893 1976 3962 partes,
2033 3890 2370 3963 postquam
2428 3883 2508 3943 ad
2564 3892 2852 3943 nostrum

385 4002 755 4073 preceptum
804 3990 1048 4069 juribus
1105 3988 1220 4049 sibi
1277 3989 1482 4068 quoad
1541 3990 1869 4050 ecclesiam
1924 3990 2292 4067 premissam
2349 3989 2855 4067 competentibus

387 4118 550 4178 pura
591 4097 917 4157 voluntate
974 4105 1326 4173 spontanea
1370 4096 1842 4164 renunciarunt‚
1888 4094 1965 4155 de
2022 4094 2280 4155 oonsilio
2338 4094 2516 4154 nobis
2572 4096 2851 4157 assiden—

388 4205 558 4265 cium
602 4208 665 4263 et
707 4208 1110 4281 patronorum
1155 4201 1350 4279 ipsius
1394 4202 1654 4262 ecclesie
1708 4219 2025 4262 consensu
2069 4218 2383 4279 expresso,
2430 4200 2518 4260 sic
2561 4200 2855 4261 duximus

389 4308 831 4369 ordinandum.
919 4306 998 4365 In
1041 4307 1293 4366 nomine
1337 4307 1722 4367 Felicissime
1765 4306 2117 4379 Trinitatis,
2164 4308 2382 4368 Amen.
2492 4308 2647 4367 Cum
2692 4308 2857 4367 inter

390 4415 703 4475 Thomam
765 4412 842 4473 de
901 4412 1342 4490 Wycheforde,
1403 4421 1523 4473 etc.
1616 4459 1629 4472 .
1719 4459 1732 4473 .
1819 4427 1891 4473 ut
1952 4432 2163 4490 supra,
2224 4432 2299 4472 ex
2356 4418 2533 4491 parte
2590 4432 2738 4483 una,
2790 4418 2855 4473 et

391 4522 768 4601 magistrum
796 4520 836 4580 J
841 4519 1156 4579 ohannem
1190 4518 1266 4579 de
1297 4519 1521 4591 Ebu10,
1552 4520 1660 4598 qui
1688 4519 2017 4579 ecclesiam
2048 4519 2309 4579 eandem
2358 4526 2530 4579 tenet
2563 4519 2639 4579 de
2669 4518 2853 4591 fact0,

391 4628 641 4707 questio
683 4644 871 4704 super
910 4624 1052 4703 ipsa
1087 4624 1352 4685 ecclesia
1381 4644 1586 4685 coram
1621 4624 2069 4686 commissariis
2098 4624 2355 4685 Domini
2385 4625 2855 4703 Wygorniensis

515 4786 712 4828 l-John
750 4785 807 4825 de
847 4783 999 4825 Ebulo
1033 4795 1137 4825 was
1179 4796 1208 4825 a
1247 4782 1474 4825 favoured
1504 4786 1650 4831 Papal
1676 4785 1912 4827 chaolain.
1940 4786 2048 4827 who
2076 4784 2260 4827 besides
2288 4797 2317 4826 a
2342 4796 2444 4824 var·
2434 4784 2529 4831 'yet
2554 4783 2605 4825 of
2630 4784 2860 4825 beneflces

387 4838 481 4879 and
511 4836 741 4885 prebends
769 4838 821 4875 at
851 4836 977 4875 Laon
1006 4834 1098 4874 and
1129 4834 1319 4874 Lisieux
1347 4834 1439 4875 and
1468 4847 1496 4875 a
1525 4836 1716 4881 pension
1744 4835 1794 4876 of
1821 4835 1950 4882 fou-ty
1977 4836 2139 4877 marks
2167 4836 2212 4875 in
2243 4833 2477 4879 Lichfield.
2498 4846 2600 4875 was
2612 4846 2665 4893 ..¹³
2660 4846 2773 4874 riom
2764 4834 2863 4875 ‘sed

387 4888 591 4929 another
619 4885 820 4945 qrebend
849 4885 941 4925 and
969 4884 1013 4923 di
1018 4884 1150 4930 gnity
1180 4884 1226 4924 in
1257 4884 1484 4929 England.
1537 4884 1702 4931 (Panal
1733 4887 1841 4932 Res.
1874 4887 1909 4926 1.
1936 4884 2042 4929 388).
2100 4888 2171 4927 He
2198 4885 2289 4926 had
2321 4884 2467 4931 Papal
2495 4884 2729 4932 provision
2755 4883 2805 4925 of
2832 4896 2861 4926 a

385 4936 592 5029 prebend
635 4936 680 4976 in
722 4938 794 4976 St.
835 4933 1021 5025 Ιῖἶυὲέις
1047 4934 1146 5024 ’,Ἧι
1174 4934 1272 4975 this
1311 4946 1413 4975 was
1449 4935 1584 4981 given
1621 4940 1673 4976 to
1708 4936 1973 4982 Cantilune.
2001 4936 2095 4977 and
2132 4940 2183 4977 to
2209 4934 2345 4977 make
2372 4934 2570 4976 amends
2597 4935 2655 4975 he
2681 4946 2783 4975 was
2809 4938 2863 4976 to

421 5000 509 5028 ave
535 4998 564 5029 a
591 4985 801 5033 pension.
910 4996 924 5023 ι
