3619 5868
521 1852 619 1894 Fol.
647 1854 712 1893 2⁶.

819 546 900 607 80
1275 610 1280 613 ,
1462 545 1819 625 Reqistrum
1875 546 2094 607 Thome
2148 548 2221 607 de
2293 547 2623 627 Cantilupo

821 768 1152 829 Trinitatis
1193 769 1476 847 proximo
1529 788 1696 830 nunc
1740 776 2097 843 venturum,
2142 790 2329 851 quem
2384 771 2723 832 terminum
2766 772 2941 833 vobis
2982 771 3289 833 duximus

831 875 1283 954 assignandum
1341 875 1421 936 ad
1475 875 1540 936 id
1595 876 1951 937 faciendum
2009 876 2177 937 circa
2223 877 2653 938 visitacionem
2703 877 3067 956 hujusmodi
3112 877 3291 958 quod

825 986 978 1042 tunc
1025 981 1250 1043 fecisse
1290 982 1620 1043 debuimus
1641 1002 1656 1057 ;
1710 982 1857 1063 quia
1896 1002 2043 1045 vero
2083 984 2149 1043 in
2184 982 2353 1044 dicto
2390 984 2660 1045 termino
2696 985 2763 1043 in
2791 989 3001 1046 vestro
3032 1004 3289 1047 monas-

829 1086 988 1147 terio
1042 1094 1368 1167 presentes
1423 1106 1564 1149 esse
1621 1108 1745 1149 non
1801 1108 2157 1169 possumus,
2211 1090 2349 1151 aliis
2405 1083 2679 1170 ne'gociis
2724 1092 3053 1171 prepediti,
3102 1092 3291 1155 vobis

821 1202 1115 1254 constare
1173 1194 1440 1256 facimus
1484 1214 1595 1275 per
1634 1202 1959 1274 presentes
2014 1197 2182 1275 quod
2228 1196 2295 1257 in
2342 1199 2620 1259 crastino
2672 1197 2889 1259 Sancti
2945 1198 3291 1260 Laurencii

827 1302 890 1361 in
933 1309 1142 1361 vestro
1170 1301 1549 1362 monasterio
1577 1301 1811 1361 erimus
1849 1302 1929 1362 ad
1962 1302 2347 1363 visitacionis
2373 1302 2669 1375 officium,
2700 1308 2955 1364 auctore
2984 1303 3288 1376 Domino,
3340 1326 3349 1331 ·

825 1407 1260 1469 exercendum.
1354 1406 1660 1482 Quocirca
1701 1407 1881 1469 vobis
1914 1407 2291 1469 mandamus
2332 1409 2496 1487 quod
2540 1408 2711 1469 dicta
2745 1409 2847 1469 die
2883 1428 3105 1469 omnes
3144 1410 3292 1470 sitis

819 1522 1144 1594 presentes
1197 1514 1451 1585 ibidem,
1505 1521 1570 1575 et
1619 1513 1907 1575 habeatis
1956 1522 2183 1593 parata
2228 1516 2443 1576 omnia
2488 1536 2611 1597 que
2658 1515 2947 1578 visitacio
2998 1515 3295 1596 predicta

819 1621 1100 1701 requirit.
1192 1620 1498 1682 Valeatis.
1584 1621 1829 1681 Datum
1871 1621 2039 1700 apud
2084 1621 2536 1701 Kensingtone,
2569 1642 2607 1683 v
2649 1621 2805 1683 Idus
2850 1622 3024 1695 Maii,
3066 1622 3291 1683 Ponti-

825 1727 1051 1788 ficatus
1094 1727 1290 1788 nostri
1333 1746 1502 1788 anno
1541 1727 1762 1807 prim0.
1852 1728 2157 1789 Defectus
2198 1729 2397 1788 eciam
2438 1748 2616 1809 quos,
2660 1748 2805 1789 cum
2846 1728 2933 1789 ibi
2974 1747 3287 1801 essemuS,

830 1834 1204 1905 invenimus,
1257 1841 1321 1895 et
1376 1853 1536 1913 quos
1589 1853 1700 1913 per
1755 1853 1867 1895 vos
1922 1834 2363 1895 mandavimus
2408 1843 2629 1913 postea
2676 1835 3017 1905 emendari,
3070 1834 3293 1896 taliter

823 1941 1126 2020 corrigere
1193 1940 1522 2012 studeam,
1574 1960 1653 2001 ne
1712 1941 1794 2001 ad
1849 1960 2077 2020 penam
2135 1941 2311 2002 vobis
2362 1941 2444 2002 ob
2498 1949 2775 2003 vestram
2830 1941 3291 2021 negligenciam

829 2045 1232 2125 infligendam
1281 2046 1617 2125 procedere
1667 2045 2011 2107 debeamus
2032 2068 2050 2121 3
2094 2047 2260 2127 quod
2305 2048 2522 2126 procul
2562 2048 2752 2108 dubio
2793 2046 3119 2119 faciemuS,
3164 2048 3293 2109 nisi

822 2152 988 2212 circa
1045 2152 1327 2231 predicta
1382 2171 1641 2212 manum
1699 2152 1907 2213 velitis
1962 2172 2275 2231 apponere
2332 2152 2787 2214 correctricem.

821 2358 975 2435 May
1019 2356 1498 2416 12.—Mandate
1544 2363 1600 2417 to
1647 2356 1742 2415 his
1787 2356 1999 2434 bailiff
2034 2364 2099 2415 at
2164 2356 2558 2417 W'hitbourne
2616 2364 2673 2417 to
2727 2357 2905 2417 allow
2960 2356 3158 2434 Roqer
3214 2356 3295 2417 de

1071 2438 1378 2497 Evesham
1411 2444 1744 2515 pasturaqe
1775 2438 1884 2516 for
1924 2444 2113 2514 qoats,
2170 2438 2296 2497 and
2352 2438 2619 2497 husbote
2678 2438 2803 2497 ami
2866 2438 3153 2516 heybote,
3216 2458 3294 2498 as

1077 2518 1270 2598 before
1291 2540 1313 2589 ‚·
1375 2518 1445 2579 he
1487 2518 1542 2577 is
1585 2526 1688 2578 not
1733 2526 1789 2579 to
1836 2519 1983 2578 have
2024 2518 2217 2577 seisin
2260 2518 2359 2577 till
2402 2518 2498 2578 the
2540 2518 2775 2597 Bishop
2816 2514 3004 2578 'comes
3050 2518 3230 2578 there.

982 2663 1450 2723 ernssumxn:
1538 2679 1661 2722 Pno
1739 2662 2067 2744 R[oenno]
2154 2679 2241 2722 nn
2324 2661 3051 2733 Evasium—Thomas,
3134 2671 3289 2735 etc..

818 2768 1137 2830 Willelmo
1201 2768 1279 2828 de
1342 2768 1716 2840 Chilteham‚
1783 2768 2015 2829 ballivo
2078 2787 2192 2828 suo
2253 2768 2331 2828 de
2400 2767 2803 2847 Wyteburne,
2868 2773 2989 2829 etc.
3098 2770 3287 2829 Man-

818 2874 1042 2937 damus
1111 2874 1288 2937 vobis
1360 2874 1528 2955 quod
1595 2874 1982 2955 permittatis
2051 2874 2375 2934 dominum
2448 2874 2759 2954 Rogerum
2822 2874 2899 2934 de
2962 2874 3289 2936 Evesham

819 2982 1051 3044 habere
1113 3001 1224 3062 per
1292 2981 1605 3060 plevinam
1675 2987 2001 3060 pasturam
2068 2981 2147 3040 ad
2210 3000 2433 3059 capras
2500 2999 2647 3041 suas
2702 2989 2767 3042 et
2825 2980 3161 3042 husbotam
3220 2988 3289 3042 et

821 3087 1161 3168 heybotam
1205 3087 1368 3148 sicut
1413 3095 1693 3166 tempore
1737 3093 1954 3148 nostro
1997 3088 2305 3148 hactenus
2348 3086 2611 3159 habuit;
2670 3087 2762 3148 ita
2801 3087 2972 3167 quod
3012 3108 3123 3168 per
3162 3089 3289 3149 hoo

824 3195 1106 3274 quietam
1149 3194 1468 3273 seysinam
1517 3214 1642 3254 non
1693 3193 1926 3254 habeat
1969 3193 2167 3252 donec
2210 3193 2273 3252 in
2319 3193 2773 3272 Episcopatum
2818 3201 3105 3255 nostrum
3145 3214 3285 3273 per·

825 3301 1129 3362 sonaliter
1170 3300 1514 3361 veniamus.
1601 3300 1905 3361 Valeatis.
1994 3300 2233 3360 Datum
2275 3299 2440 3379 apud
2490 3299 3147 3372 westmonasterium,
3188 3299 3285 3379 iiij

821 3405 980 3466 Idus
1021 3406 1194 3466 Maii.

817 3612 1513 3673 Memorandum.—The
1549 3611 1717 3689 riqht
1745 3612 1817 3689 of
1848 3611 2059 3688 qivinq
2098 3610 2169 3670 in
2206 3611 2511 3688 vtarriaqe
2556 3611 2652 3672 the
2696 3611 2857 3672 heirs
2894 3612 2966 3691 of
3006 3613 3293 3673 William

1063 3694 1378 3753 Marmion
1425 3693 1481 3754 is
1533 3694 1903 3771 transferred
1956 3700 2013 3752 to
2066 3692 2162 3752 the
2211 3692 2446 3771 Bishop
2477 3692 2585 3771 for
2625 3697 2747 3752 250
2785 3693 3011 3754 marks.
3099 3694 3292 3754 Their

1061 3773 1377 3853 wardship
1425 3795 1549 3834 was
1592 3774 1813 3852 offered
1858 3781 1914 3833 to
1961 3773 2089 3832 him
2117 3774 2225 3852 for
2266 3777 2387 3832 300
2425 3773 2649 3844 markS,
2694 3774 2800 3832 but
2841 3781 2945 3834 not
2986 3775 3287 3853 accepted.

1063 3856 1190 3916 For
1234 3855 1330 3916 the
1373 3862 1575 3925 estate,
1623 3855 1722 3914 till
1765 3855 1863 3914 the
1908 3853 2067 3914 heirs
2110 3874 2259 3914 were
2300 3855 2369 3932 of
2403 3875 2527 3932 aye,
2576 3854 2644 3913 he
2686 3855 2906 3933 offered
2949 3858 3143 3916 5100.

983 4012 1465 4074 Memorandum
1547 4013 1715 4092 quod
1782 4013 2076 4074 dominus
2147 4013 2477 4093 Philippus
2556 4015 2897 4075 Marmiun¹
2974 4017 3289 4078 concessit

826 4119 1102 4180 Domino
1168 4119 1567 4198 maritagium
1635 4119 1969 4190 Johannis,
2040 4119 2153 4179 filii
2222 4127 2287 4180 et
2355 4119 2603 4181 heredis
2672 4119 2909 4180 domini
2980 4120 3285 4182 Willelmi

820 4223 1178 4303 Marmyun,
1265 4232 1329 4285 et
1413 4225 1676 4285 aliorum
1761 4224 2063 4286 heredum
2155 4225 2310 4286 dicti
2392 4225 2711 4299 Willelmi,
2798 4226 2963 4287 infra
3044 4233 3283 4288 etatem

819 4331 1256 4403 existencium,
1313 4351 1426 4411 pro
1483 4331 1644 4394 CCL
1697 4332 1947 4392 marcis.

986 4461 1150 4522 Item
1193 4461 1470 4523 wardam
1526 4462 1887 4523 eorumdem
1932 4460 2231 4523 heredum
2276 4461 2505 4541 optulit
2548 4460 2754 4524 dictus
2796 4462 3127 4542 Philippus
3168 4483 3287 4544 pro

825 4566 982 4629 000
1023 4567 1289 4638 marcis;
1334 4575 1548 4628 tamen
1590 4567 1735 4627 inde
1777 4586 1904 4627 non
1947 4573 2043 4628 est
2084 4575 2483 4630 conventum.

984 4697 1182 4768 offert
1241 4698 1551 4759 Dominus
1605 4716 1718 4777 pro
1762 4697 1977 4758 warda
2027 4703 2333 4758 terrarum
2384 4697 2679 4758 Willelmi
2726 4697 3041 4758 Marmion
3083 4717 3283 4779 usque

823 4804 906 4867 ad
949 4804 1203 4886 plenam
1245 4808 1481 4864 etatem
1537 4803 1851 4864 Johannis
1907 4803 2155 4864 heredis
2198 4803 2516 4874 willelmi,
2562 4807 2626 4864 et
2670 4803 2935 4863 aliorum
2980 4804 3279 4865 heredum

975 4941 1202 4987 l—Philip
1245 4939 1493 4982 Marmion.
1537 4940 1645 4980 who
1688 4937 1793 4980 held
1832 4939 2105 4979 Tamworth
2144 4949 2200 4978 as
2240 4937 2510 4984 hereditat-y
2546 4937 2797 4984 champion
2834 4935 2885 4978 of
2928 4937 3156 4984 England.
3192 4938 3291 4979 had

823 4991 1028 5036 married
1055 4993 1242 5032 Joanna
1267 4989 1324 5030 de
1355 4989 1557 5036 Kilpeck.
1585 5001 1614 5030 a
1641 4988 1770 5030 ward
1797 4987 1848 5028 of
1872 4989 2079 5029 William
2106 4988 2163 5029 de
2189 4988 2452 5034 Cantilupe.
2480 4988 2563 5028 the
2588 4987 2764 5029 second
2798 4987 2961 5028 baron.
