3619 5868
1168 506 1469 586 Episcopi
1522 506 2004 587 Hercsordensis.
2696 514 2814 573 291

354 732 583 799 torum,
634 728 997 791 collectores
1051 730 1291 791 decime
1339 730 1406 790 in
1453 750 1643 811 regno
1700 731 1920 811 Anglie
1991 754 2028 793 a
2085 733 2243 795 Sede
2299 734 2658 814 Apostolica
2712 736 2816 796 de-

351 834 578 913 putati,
655 835 941 895 discretis
1016 836 1165 896 viris
1249 836 1682 897 collectoribus
1750 838 2033 916 ejusdem
2083 839 2354 900 'decime
2437 840 2504 898 in
2585 840 2818 901 diocesi

352 939 795 1019 Wygorniensi
852 941 1204 1020 specialiter
1250 942 1613 1003 constitutis
1669 942 1956 1016 salutem,
2006 948 2124 1005 etc.
2227 945 2383 1006 Cum
2427 945 2818 1007 Venerabilis

350 1044 558 1117 Pater,
631 1046 943 1107 Dominus
1018 1046 1309 1117 Thomas,
1383 1047 1863 1109 Herefordensis
1947 1049 2319 1130 Episcopus,
2403 1056 2814 1112 memoratam

353 1150 662 1212 decimam
718 1152 794 1212 de
850 1151 1141 1213 omnibus
1197 1153 1602 1231 proventibus
1658 1153 1757 1214 sui
1815 1154 2255 1235 Episcopatus,
2315 1156 2690 1238 ubicumque
2746 1157 2812 1216 in

349 1277 466 1317 sua
521 1257 751 1317 diocesi
800 1257 898 1317 vel
956 1258 1159 1319 aliena
1213 1258 1579 1329 consistant,
1632 1259 1781 1320 solis
1841 1260 2274 1322 collectoribus
2333 1262 2815 1323 Herefordensis

351 1364 617 1424 diocesis
650 1363 957 1425 hactenus
992 1364 1385 1425 consueverit
1418 1365 1675 1435 solvere,
1704 1385 1822 1425 nec
1856 1366 1932 1426 de
1971 1386 2044 1427 ea
2078 1366 2512 1439 collectoribus
2551 1367 2815 1427 aliarum

351 1469 694 1529 diocesium
757 1470 1149 1549 respondere,
1200 1469 1376 1531 vobis
1439 1475 1655 1530 tenore
1716 1472 2112 1549 presencium
2175 1472 2530 1533 inhibemus
2592 1493 2672 1533 ne
2735 1474 2812 1535 de

348 1575 756 1654 proventibus
813 1576 1073 1636 manerii
1130 1576 1205 1637 de
1263 1576 1657 1655 Prestebyry,
1728 1577 1896 1656 quod
1965 1578 2131 1637 idem
2201 1578 2553 1657 Episcopus
2623 1579 2814 1640 habet

350 1684 418 1743 in
480 1684 919 1763 Wygorniensi
982 1684 1231 1755 diocesi,
1292 1684 1551 1764 exigatis
1614 1684 1922 1745 decimam
1978 1692 2407 1746 memoratam.
2511 1686 2807 1747 Valeatis.

350 1790 589 1849 Datum
660 1789 1003 1850 Londom‘is
1064 1790 1147 1869 xij
1214 1789 1530 1851 Kalendas
1591 1789 1763 1860 Maii,
1825 1809 1990 1850 anno
2059 1791 2317 1851 Domini
2380 1791 2814 1852 M⁰CG⁰LXX⁰

348 1915 535 1965 nono,
579 1895 991 1956 Pontificatus
1034 1895 1291 1956 Domini
1334 1896 1393 1955 N
1398 1896 1623 1956 icholai
1665 1896 1836 1975 Pape
1879 1896 1942 1974 iij
1989 1915 2155 1955 anno
2198 1897 2490 1957 secundo.

346 2166 495 2246 Apr.
539 2170 615 2225 21
625 2165 1020 2227 .—Mandatc
1064 2167 1234 2258 from
1292 2165 1389 2226 the
1446 2166 1749 2227 collectors
1808 2166 1879 2245 of
1931 2166 2028 2226 the
2087 2166 2282 2227 Tenth
2322 2167 2432 2246 for
2488 2167 2585 2227 the
2639 2167 2807 2246 Holy

588 2247 775 2307 Land
833 2253 891 2307 to
949 2246 1257 2308 ascertain
1301 2246 1398 2307 the
1445 2246 1655 2307 actual
1700 2246 1879 2307 value
1935 2247 2002 2326 os
2044 2247 2140 2308 the
2185 2247 2416 2309 income
2455 2250 2525 2329 of
2561 2248 2658 2309 the
2701 2249 2810 2310 Soc

590 2328 661 2408 of
722 2328 1025 2408 Hereford
1092 2328 1320 2406 dui-inq
1392 2326 1488 2388 the
1554 2328 1674 2388 last
1738 2334 1850 2387 two
1905 2347 2080 2405 years
2137 2329 2207 2401 of
2249 2328 2485 2409 Bishop
2536 2329 2702 2390 John
2758 2329 2810 2391 lc

591 2410 836 2469 Brcton.

508 2566 812 2645 Magister
839 2566 1105 2635 Ardicio,
1136 2566 1535 2628 Primicerius
1566 2566 2072 2637 Mediolanensis,
2104 2566 2362 2627 Domini
2390 2567 2561 2645 Pape
2591 2566 2808 2648 Capel-

344 2672 544 2743 lanus,
609 2677 673 2732 et
735 2671 926 2732 frater
993 2671 1033 2731 J
1035 2671 1317 2733 ohannes
1378 2672 1455 2732 de
1518 2672 1945 2751 Derlingtone,
2005 2671 2257 2733 Ordinis
2320 2672 2808 2745 Predicatorum,

346 2778 709 2840 collectores
772 2778 1010 2839 decime
1073 2779 1260 2839 Terre
1326 2778 1553 2839 Sancte
1622 2778 1688 2837 in
1756 2797 1948 2858 regno
2011 2778 2248 2859 Anglie,
2314 2779 2600 2840 discretis
2658 2779 2807 2840 viris

347 2884 662 2965 magistris
725 2884 1004 2946 Henrico
1066 2884 1143 2945 de
1206 2884 1605 2962 Havekeleye
1666 2889 1730 2945 et
1791 2884 1960 2945 Luce
2017 2884 2094 2945 de
2142 2884 2324 2956 Bree,
2375 2884 2810 2946 collectoribus

346 2992 629 3071 ejusdem
686 2991 925 3052 decime
984 2993 1049 3051 in
1108 2991 1362 3053 civitate
1419 2996 1483 3052 et
1541 2991 1773 3052 diocesi
1832 2990 2300 3061 Herefordensi,
2351 2991 2636 3064 salutem,
2687 2997 2806 3052 etc.

348 3097 731 3158 Mandamus
765 3097 941 3158 vobis
982 3097 1244 3158 firmiter
1285 3097 1684 3177 injungentes
1726 3097 2026 3178 quatinus
2066 3097 2395 3176 diligenter
2435 3103 2500 3158 et
2541 3098 2808 3159 fideliter

348 3204 695 3284 inquiratis,
740 3203 818 3264 ab
846 3203 968 3264 hiis
1011 3203 1118 3283 qui
1160 3203 1385 3264 melius
1412 3204 1702 3264 noverint
1742 3203 2091 3274 veritatem,
2122 3203 2594 3264 estimacionem
2638 3224 2804 3264 com-

345 3331 603 3370 munem
662 3310 1006 3371 secundum
1064 3331 1281 3370 verum
1344 3310 1619 3370 valorem
1677 3310 2111 3370 universorum
2173 3315 2590 3388 proventuum
2654 3310 2804 3389 Epi-

345 3423 641 3497 scopatus
684 3417 1183 3487 Herefordensis,
1212 3436 1325 3496 per
1365 3415 1658 3476 ultimum
1701 3415 2024 3476 biennium
2066 3435 2189 3495 quo
2222 3415 2532 3495 prestacio
2567 3415 2807 3477 decime

346 3524 423 3584 de
464 3522 869 3602 proventibus
912 3522 1273 3583 memoratis
1315 3527 1599 3601 spectare
1642 3521 1856 3582 debuit
1898 3521 1976 3580 ad
2017 3520 2058 3581 J
2062 3521 2376 3581 ohannem
2417 3521 2476 3582 le
2509 3521 2804 3594 Bretone‚

346 3629 662 3709 quondam
701 3628 1088 3707 Episcopum
1128 3628 1673 3697 Herefordensem,
1711 3647 1883 3687 nunc
1921 3626 2303 3688 defunctum.
2388 3627 2476 3687 Et
2509 3627 2677 3707 quod
2713 3627 2804 3686 in-

344 3735 725 3816 quisiveritis
788 3735 1069 3795 clausum
1132 3734 1313 3795 nobis
1371 3734 1707 3795 remittatis
1769 3733 1887 3795 sub
1944 3734 2170 3795 vestris
2229 3734 2466 3814 sigillis.
2568 3735 2805 3794 Datum

346 3841 690 3903 Londoniis
732 3842 791 3921 xj
839 3841 1155 3902 Kalendas
1198 3841 1371 3910 Maii,
1416 3860 1581 3900 anno
1624 3840 1881 3901 Domini
1927 3839 2359 3902 M0GO⁰LXX0
2399 3860 2584 3900 non0.

343 4113 487 4174 Dec.
530 4117 629 4182 10
673 4110 1379 4173 1281.-Admissiono
1463 4110 1906 4171 Bartholomw
1960 4111 2030 4191 of
1983 4111 2444 4191 f,Gloucester
2487 4112 2648 4190 after
2685 4111 2804 4172 due

586 4193 967 4271 inquito
1015 4192 1112 4252 the
1160 4131 1379 4252 Ghurco
1437 4192 1507 4272 of
1460 4190 1729 4272 fLittle
1768 4191 2020 4263 Marcie,
2049 4211 2128 4252 on
2167 4191 2263 4252 the
2295 4191 2716 4271 presentation
2741 4192 2812 4272 of

590 4273 757 4334 John
809 4273 883 4334 dc
929 4272 1153 4334 Sollers
1215 4273 1343 4333 and
1387 4272 1553 4333 John
1598 4273 1671 4332 dc
1718 4273 1984 4333 Marden
2022 4273 2148 4333 and
2199 4271 2295 4333 his
2335 4272 2476 4351 wife
2517 4273 2801 4334 Isabella.

587 4355 665 4414 M
661 4355 883 4414 aridate
912 4355 1020 4434 for
1060 4353 1421 4414 institution
1459 4353 1587 4413 and
1626 4352 1966 4414 indication.

506 4513 726 4570 PARVA
795 4511 1324 4570 Macram—xo
1391 4509 1491 4570 die
1561 4508 1944 4580 Decembris,
2001 4509 2167 4588 apud
2237 4507 2582 4580 Oolewelle,
2641 4528 2806 4570 anno

344 4617 601 4678 Domini
640 4617 1138 4678 M⁰GG⁰LXXX⁰
1176 4617 1398 4696 primo,
1440 4614 1769 4696 prehabita
1805 4614 2084 4694 legitima
2121 4613 2532 4694 inquisicione
2569 4633 2690 4694 que
2725 4615 2803 4674 ad

345 4723 689 4783 Dominum
760 4727 856 4783 est
923 4741 1189 4792 reversa,
1256 4721 1568 4782 admissus
1638 4721 1757 4780 fuit
1819 4720 2112 4782 dominus
2181 4719 2663 4781 Bartholomeus
2725 4721 2803 4782 de

345 4828 755 4899 Gloucestria‚
819 4827 1142 4907 presbiter,
1206 4827 1286 4888 ad
1354 4827 1681 4888 ecclesiam
1742 4826 1821 4887 de
1882 4826 2084 4887 Parva
2145 4825 2463 4904 Marcleya
2524 4826 2603 4885 ad
2662 4845 2798 4906 pre-

344 4935 769 4996 sentacionem
809 4934 850 4995 J
853 4933 1123 4995 ohannis
1182 4933 1260 4994 de
1304 4933 1529 5004 solers,
1570 4933 1611 4994 J
1614 4931 1882 4993 ohannis
1923 4932 2002 4993 de
2048 4931 2381 5011 Maurdyn‚
2425 4935 2490 4992 et
2531 4931 2798 4995 Isabelle
