3619 5868
707 480 824 539 118
1371 468 1726 557 Reqistrum
1783 479 2003 540 Thomc
2056 479 2131 540 de
2190 479 2520 558 Cantilupo

707 703 886 784 signo
929 724 1070 765 meo
1113 705 1408 783 signatae,
1438 704 1814 765 Paternitati
1856 711 2061 765 vestre
2102 705 2289 766 mitto
2330 711 2638 785 patentes
2724 706 2963 766 Datum
3005 706 3173 785 apud

703 808 1021 880 Estleche,
1051 808 1150 869 die
1194 808 1528 870 Dominica
1565 810 1849 887 proxima
1885 815 2033 871 ante
2075 811 2335 872 Festum
2375 811 2588 872 Sancti
2628 811 2976 882 Laurencii,
3007 832 3175 873 anno

705 918 912 997 gracie
950 916 1193 978 M⁰Gc⁰
1220 916 1682 996 septuagesimo
1723 916 1963 996 quinto.
2048 917 2135 976 Et
2176 916 2323 996 quia
2364 917 2587 979 titulus
2628 918 2749 978 iste
2790 917 3174 979 insufficiens

707 1030 1054 1104 reputatur,
1083 1023 1468 1103 corporalem
1502 1023 1780 1101 prestitit
1814 1030 2278 1085 sacramentum
2312 1045 2379 1085 se
2419 1044 2742 1104 nunquam
2786 1024 3174 1104 Episcopum

706 1129 1237 1192 Herefordensem
1279 1129 1690 1208 inpetiturum
1733 1130 1983 1191 racione
2030 1131 2295 1210 alicujus
2332 1130 2499 1190 tituli
2548 1150 2661 1192 seu
2701 1130 2986 1192 beneficii
3028 1151 3174 1191 con-

708 1238 1028 1318 sequendi.
1103 1237 1308 1299 Tenor
1336 1241 1546 1297 autem
1576 1236 1927 1297 litterarum
1956 1237 2157 1298 eidem
2187 1237 2227 1298 J
2248 1237 2527 1315 [ohanni]
2562 1256 3001 1298 concessarum
3028 1235 3175 1297 talis

707 1342 1218 1414 est,—Omnibus
1273 1341 1502 1403 Sancte
1546 1341 1771 1402 Matris
1824 1341 2107 1403 Ecclesie
2156 1342 2303 1402 filiis
2354 1342 2646 1413 Thomas,
2690 1347 2809 1402 etc.
2910 1340 3175 1402 Noverit

705 1449 1084 1509 universitas
1142 1454 1351 1509 vestra
1408 1467 1524 1507 nos
1582 1447 1907 1508 dominum
1968 1448 2167 1508 Adam
2226 1448 2487 1508 Beaufiz
2540 1449 2617 1509 de
2686 1447 3039 1517 Estlecche,
3097 1446 3175 1508 de

708 1554 942 1616 diocesi
983 1553 1425 1634 Wygorniensi
1480 1552 1835 1624 oriundum,
1877 1553 2089 1615 littera
2135 1553 2489 1615 dimissoria
2529 1553 2787 1615 Domini
2832 1553 3173 1625 Godeiridi,

707 1661 828 1721 Dei
889 1659 1096 1740 gracia
1157 1658 1650 1738 Wygorniensis,
1715 1678 1905 1738 super
1964 1659 2085 1720 hoc
2146 1661 2447 1738 inspecta,
2508 1660 2585 1719 ad
2633 1658 3173 1738 presentacionem

705 1767 906 1827 nostri
965 1764 1238 1844 Capituli
1298 1764 1780 1826 Herefordensis
1830 1766 1896 1824 in
1935 1765 2351 1845 presbiterum
2393 1766 2733 1826 ordinasse.
2834 1764 2913 1824 In
2971 1765 3170 1844 cujus,

706 1877 824 1933 etc.
930 1872 1166 1932 Datum
1224 1870 1390 1948 apud
1453 1868 1677 1947 Arleye
1731 1871 1911 1949 juxta
1961 1871 2261 1951 Radinge,
2314 1871 2437 1950 xvij
2495 1871 2811 1931 Kalendas
2868 1870 2909 1930 J
2910 1869 3172 1941 anuarii,

705 1996 872 2037 anno
926 1975 1131 2056 gracie
1188 1974 1650 2037 M⁰GO⁰LXX⁰
1702 1980 1897 2035 sexto,

709 2281 855 2342 Jan.
928 2285 1027 2350 15,
1098 2279 1831 2341 1277.—Memorandum
1896 2280 1966 2359 os
2030 2279 2127 2340 the
2192 2280 2440 2340 various
2512 2287 2690 2341 terme
2744 2280 3044 2359 proposed
3097 2280 3170 2340 in

955 2361 1223 2440 Chapter
1289 2381 1359 2420 as
1432 2367 1488 2421 to
1547 2361 1644 2420 the
1698 2361 1957 2420 ἀπαπαῖ
2002 2360 2412 2439 jurisdiction
2464 2361 2668 2422 which
2737 2361 2834 2422 the
2906 2361 3172 2440 Chapter

949 2441 1170 2503 should
1227 2462 1466 2502 assume
1523 2441 1649 2501 and
1706 2441 1971 2519 delcqate
2032 2449 2089 2502 to
2150 2463 2306 2502 soona
2364 2461 2473 2502 one
2528 2463 2597 2502 or
2652 2462 2831 2512 more,
2892 2441 3047 2501 with
3104 2441 3175 2503 ον’

949 2523 1208 2583 without
1251 2521 1349 2583 the
1381 2529 1621 2583 consent
1663 2523 1734 2602 os
1769 2523 1867 2583 the
1906 2523 2073 2582 rival
2110 2522 2455 2583 claimant-5.

859 2693 1273 2753 Hanarosns
1357 2711 1482 2752 Pno
1575 2693 2655 2754 Jun1sn1co1onn.—Memorandum
2746 2693 2913 2772 quod
3002 2712 3171 2753 anno

698 2799 958 2860 Domini
1044 2798 1614 2878 M⁰CC⁰LXX⁰vj⁰,
1695 2799 1841 2876 xviij
1930 2798 2245 2859 Kalendas
2328 2797 2666 2869 Februarii,
2729 2797 2795 2857 in
2846 2798 3171 2877 presencia

698 2905 956 2977 Thome‚
1028 2905 1511 2968 Herefordensis
1585 2905 1904 2985 Episcopi,
1985 2904 2401 2965 Pontificatus
2470 2903 2567 2965 sui
2638 2923 2804 2966 anno
2872 2905 3167 2977 secundo,

698 3118 919 3178 eodem
977 3118 1285 3179 decanatu
1347 3120 1661 3198 pendente
1730 3139 1936 3189 causa,
2008 3138 2083 3179 ex
2150 3124 2329 3197 parte
2386 3116 2658 3195 Capituli
2728 3124 2792 3177 et
2864 3116 3166 3196 parcium,

695 3223 988 3285 videlicet
1059 3224 1342 3304 magistri
1411 3226 1618 3303 Egidii
1682 3232 1745 3286 et
1818 3224 2202 3295 Cancellarii,
2273 3224 2526 3285 fuerunt
2588 3225 2835 3303 provise
2904 3224 3169 3286 formule

699 3329 1113 3410 infrascripto,
1165 3332 1438 3393 Domino
1488 3332 1805 3410 Episcopo
1862 3332 2031 3409 ipsas
2086 3331 2397 3401 audiente,
2455 3335 2551 3391 set
2602 3350 2963 3409 expressum
3022 3350 3168 3391 con-

698 3454 954 3496 sensum
1007 3436 1107 3496 vel
1160 3437 1422 3497 tacitum
1475 3437 1660 3515 plane
1713 3457 1841 3497 non
1901 3436 2202 3497 adhibuit.
2315 3436 2528 3496 Prima
2585 3436 2785 3496 forma
2844 3436 3019 3515 pacis
3070 3441 3169 3497 est

699 3540 818 3601 hec
837 3559 850 3611 ;
895 3541 1185 3602 videlicet
1226 3543 1392 3622 quod
1435 3541 1796 3621 Capitulum
1836 3548 2117 3603 assumat
2149 3542 2654 3620 jurisdiccionem
2703 3542 3043 3603 decanatus
3091 3543 3169 3603 de

697 3666 1010 3709 consensu
1079 3648 1328 3709 illorum
1405 3650 1511 3729 qui
1589 3669 1778 3728 super
1854 3650 2161 3710 decanatu
2238 3650 2662 3719 contendunt;
2733 3649 2883 3708 dum
2954 3655 3166 3710 tamen

701 3760 999 3816 caveatur
1040 3754 1161 3816 illis
1203 3762 1634 3835 competenter
1675 3756 1753 3816 de
1794 3755 2270 3834 indempnitate.

863 3887 1150 3948 Secunda
1211 3894 1308 3949 est
1371 3888 1538 3967 quod
1601 3886 1963 3967 Capitulum
2026 3894 2308 3949 assumat
2368 3887 2572 3967 ipsam
2639 3886 3165 3967 jurisdiccionem,

703 3992 794 4054 eis
843 3992 1434 4064 contradicentibus,
1486 3993 1965 4073 appellantibus,
2015 4000 2080 4055 et
2133 3992 2651 4063 reclamantibus;
2712 3993 2897 4053 modo
2953 3998 3167 4053 tamen

706 4098 941 4169 curiali,
985 4119 1066 4160 ne
1107 4099 1462 4160 consentire
1502 4100 1836 4160 videantur
1875 4100 1942 4158 in
1982 4100 2395 4179 prejudicium
2438 4118 2625 4159 cause
2666 4117 2901 4160 eorum.

863 4228 1081 4289 Tereia
1122 4234 1219 4289 est
1261 4230 1428 4309 quod
1468 4235 1681 4308 partes
1723 4229 2127 4289 committant
2152 4228 2657 4308 jurisdiccionem
2686 4234 2854 4289 certe
2880 4246 3182 4308 persone,-

709 4353 819 4395 seu
863 4333 1052 4395 certis
1092 4334 1395 4413 personis,
1439 4334 1545 4413 qui
1587 4354 1727 4395 eam
1770 4334 2025 4395 nomine
2066 4334 2287 4395 decani
2328 4340 2579 4414 gerant3
2636 4339 2701 4395 et
2742 4334 3168 4394 emolumenta

700 4445 765 4501 et
825 4440 1172 4519 perquisita
1239 4446 1688 4500 conserventur
1749 4440 1816 4500 in
1879 4440 2269 4501 thesauraria
2331 4439 2779 4501 Herefordensi
2839 4459 3039 4519 usque
3100 4438 3167 4499 in

699 4552 997 4607 eventum
1054 4565 1403 4606 causarum.

863 4676 952 4736 Et
993 4676 1372 4755 promittunt
1413 4682 1624 4754 partes
1668 4676 1959 4755 Capitulo
2001 4677 2169 4756 quod
2209 4676 2373 4736 infra
2414 4676 2813 4737 Dominicam
2854 4696 2979 4755 qua
3018 4696 3163 4736 can-

701 4787 874 4843 tatur
939 4780 1180 4851 Leta‘re,
1245 4780 1602 4852 Jerusalem,
1673 4802 1866 4842 unam
1936 4802 2013 4844 ex
2086 4782 2383 4861 predictis
2459 4782 2677 4843 formis
2752 4781 3169 4861 acceptabunt

707 4888 976 4950 fideliter
1027 4893 1094 4949 et
1147 4887 1310 4949 bona
1365 4888 1504 4949 fide.
