3619 5868
28 2652 135 2694 1³01.
162 2652 259 2693 aab.

1074 502 1085 523 ⁸
1154 500 1455 581 Episcopi
1507 500 1990 580 Heresordensis.
2682 504 2801 563 275

342 726 516 788 bunt.
612 726 794 801 Quod
835 727 889 788 si
930 746 1044 806 per
1083 745 1191 787 eos
1232 726 1331 786 vel
1374 725 1529 787 alios
1571 727 1807 787 amicos
1849 732 2098 788 nostros
2139 727 2372 789 nostris
2415 726 2800 789 necessitati·

341 834 459 893 bus
528 853 656 893 non
724 833 955 912 poterit
1023 833 1358 911 procurari,
1422 837 1575 892 tunc
1643 833 1721 893 de
1790 833 1841 894 G
1909 833 2084 895 libris
2145 839 2450 913 quantum
2512 834 2806 895 videbitis

342 938 632 1019 expedire
674 938 989 1017 recipiatis
1031 939 1109 998 ad
1159 958 1317 1017 opus
1360 938 1651 1009 Domini;
1709 940 2138 1017 supradictum
2180 939 2498 1000 residuum
2539 940 2805 1019 pecunie

342 1044 507 1105 inter
548 1043 703 1104 alios
744 1044 1190 1104 distribuentes
1231 1050 1418 1122 prout
1452 1045 1530 1104 ad
1564 1044 1912 1123 proficuum
1951 1065 2138 1106 cause
2178 1050 2392 1106 nostre
2433 1051 2498 1106 et
2539 1045 2802 1106 aliorum

340 1150 738 1230 negociorum
796 1154 1153 1211 nostrorum
1203 1150 1515 1211 videbitur
1572 1152 1879 1230 expedire.
1985 1152 2064 1211 In
2112 1173 2302 1213 causa
2350 1160 2568 1213 contra
2617 1152 2801 1215 Assa-

338 1274 598 1316 vensem
640 1255 729 1316 rei
771 1254 1048 1335 regulam
1091 1255 1519 1334 principaliter
1558 1261 1889 1317 teneamus
1931 1258 2110 1336 cujus
2160 1263 2257 1318 est
2307 1278 2560 1319 causam
2610 1279 2804 1338 quan·

340 1366 477 1421 tum
519 1346 750 1439 poterit
791 1361 1135 1440 protelare;
1193 1361 1259 1419 in
1302 1381 1491 1421 causa
1532 1366 1743 1422 tamen
1788 1363 2164 1441 supradicta,
2208 1363 2275 1421 in
2317 1384 2441 1443 qua
2481 1370 2804 1443 acceptam

341 1465 645 1527 habemus
731 1466 1224 1547 appellacionem
1310 1488 1348 1527 a
1432 1468 1707 1529 Domino
1794 1468 2281 1549 Archiepiscopo
2365 1469 2804 1531 Cantuariensi

340 1572 618 1652 legitime
686 1593 887 1652 nuper
953 1572 1203 1643 factam,
1274 1573 1567 1635 nolumus
1651 1574 2036 1655 subterfugia
2118 1596 2375 1655 querere
2451 1576 2659 1655 turpia
2739 1580 2806 1637 et

340 1684 635 1757 suspecta
702 1678 928 1758 quibus
997 1678 1313 1757 possimus
1382 1678 1663 1739 animum
1730 1680 1958 1759 judicis
2027 1701 2436 1752 commovere,
2493 1681 2592 1743 vel
2654 1681 2806 1741 talia

340 1804 464 1863 que
505 1803 651 1863 erga
692 1785 959 1845 eundem
1008 1785 1339 1845 redderent
1381 1805 1497 1846 nos
1540 1790 1886 1863 suspectOS,
1914 1785 2014 1846 vel
2054 1805 2167 1865 per
2205 1805 2327 1865 que
2367 1791 2582 1865 posset
2624 1785 2806 1847 nobis

340 1889 687 1969 periculum
730 1890 991 1951 iminere
1032 1891 1087 1951 si
1130 1892 1210 1951 ad
1249 1891 1521 1970 priorem
1561 1890 1834 1969 judicem
1878 1891 2305 1961 remittamur;
2357 1892 2523 1971 quod
2566 1891 2726 1951 forte
2767 1912 2806 1951 a

340 2002 558 2057 nostro
592 1997 945 2058 adversario
977 2002 1361 2088 preoptatur.
1446 1997 1894 2058 Desideramus
1929 1998 2180 2077 quidem
2222 1998 2497 2077 pericula
2537 1996 2808 2077 plurima

341 2100 575 2162 evitare
638 2102 789 2161 dum
852 2122 1042 2163 causa
1104 2103 1187 2163 sit
1248 2102 1316 2162 in
1379 2101 1567 2163 Curia
1629 2102 1980 2173 antedicta;
2045 2103 2196 2162 dum
2259 2108 2472 2164 tamen
2535 2122 2805 2181 expense
2893 2171 2900 2179 ,

340 2212 555 2267 nostre
596 2227 752 2286 quas
795 2207 1057 2269 fecimus
1100 2228 1212 2287 pro
1256 2208 1554 2269 missione
1594 2207 1808 2268 nuncii
1853 2207 2156 2289 simplicis
2199 2210 2277 2269 ad
2319 2209 2802 2289 impetrandum,

342 2318 681 2392 antequam
737 2314 790 2374 is
847 2333 884 2374 a
941 2334 1066 2394 quo
1124 2314 1474 2393 appellatur
1532 2313 1944 2393 appellacioni
2003 2320 2216 2375 nostre
2270 2314 2580 2386 detulerit,
2623 2313 2806 2375 nobis

342 2416 636 2495 primitus
668 2416 1098 2489 refundantur,
1134 2418 1233 2479 vel
1270 2418 1494 2479 saltem
1528 2424 1826 2497 petantur
1863 2439 2007 2478 cum
2045 2419 2374 2480 instancia·
2393 2420 2803 2498 competenti;

343 2527 673 2601 propterea
694 2522 840 2601 quia
868 2522 933 2581 in
963 2523 1082 2583 hac
1103 2524 1204 2583 via
1233 2522 1716 2594 distribucionis,
1741 2524 1859 2594 cui,
1884 2529 1955 2583 ut
1984 2524 2557 2603 suprascripsimus,
2583 2525 2807 2585 melius

344 2628 793 2699 consentimus,
844 2634 1085 2689 restant
1139 2629 1324 2709 xxxiij
1398 2650 1605 2691 marce
1674 2635 1738 2690 et
1807 2630 2066 2691 dimidia
2133 2630 2577 2701 distribuendo,
2649 2630 2808 2690 bene

343 2734 633 2795 volumus
688 2736 856 2815 quod
911 2736 1223 2797 Dominus
1285 2741 1499 2797 noster
1569 2737 1916 2816 Hyspanus
1987 2737 2351 2808 Cardinalis,
2423 2736 2522 2797 cui
2593 2735 2806 2797 scribi-

342 2860 501 2911 mus,
574 2840 802 2902 habeat
871 2862 910 2901 x
978 2862 1239 2912 marcas,
1310 2849 1373 2903 et
1443 2842 1755 2903 Dominus
1833 2843 2233 2913 Benedictus,
2306 2842 2671 2913 Cardinalis,
2743 2846 2810 2903 et

343 2947 656 3009 Dominus
698 2949 738 3008 J
741 2949 989 3020 acobus,
1021 2948 1387 3020 cardinalis,
1419 2949 1517 3010 vel
1560 2949 1933 3021 Willelmus,
1978 2949 2257 3010 Gallicus
2301 2949 2666 3020 Cardinalis,
2696 2949 2808 3028 qui

344 3053 422 3114 de
478 3054 617 3114 istis
672 3060 953 3134 tempore
996 3054 1460 3116 distribucionis
1506 3055 1822 3115 amicicior
1878 3055 2152 3115 Domino
2208 3055 2379 3133 Pape
2434 3054 2569 3125 erit,
2621 3059 2686 3114 et
2740 3054 2808 3113 in

342 3160 743 3239 promocione
812 3161 1208 3239 negociorum
1280 3165 1638 3221 nostrorum
1714 3161 1896 3221 nobis
1964 3160 2196 3240 poterit
2264 3159 2511 3238 plenius
2580 3159 2803 3231 valere,

343 3265 572 3326 habeat
604 3287 643 3325 x
681 3285 951 3338 marcas;
995 3266 1287 3327 undecim
1323 3266 1631 3346 siquidem
1667 3287 1926 3327 marcas.
2014 3267 2110 3326 Ad
2143 3267 2258 3327 hec
2293 3267 2572 3328 residuas
2601 3271 2807 3327 vestre

346 3377 565 3432 mutue
626 3371 1037 3452 relinquimus
1100 3373 1505 3444 ordinacioni,
1568 3393 1683 3452 pro
1745 3373 1868 3434 alio
1929 3373 2029 3433 vel
2091 3373 2230 3434 aliis
2299 3372 2645 3444 visitandis,
2706 3373 2807 3433 vel

344 3478 635 3556 expensis
694 3478 831 3539 aliis
889 3480 1241 3540 necessario
1299 3479 1616 3540 faciendis.
1718 3479 1914 3539 Facta
1973 3479 2280 3558 siquidem
2339 3478 2805 3550 distribucione,

342 3583 647 3644 vellemus
715 3585 883 3664 quod
952 3585 1031 3644 ad
1112 3604 1228 3645 nos
1308 3604 1451 3645 cum
1522 3605 1769 3646 summa
1845 3584 2254 3645 festinacione
2322 3584 2536 3644 nuncii
2605 3584 2806 3645 nostri

344 3690 637 3761 redirent,
702 3710 847 3750 cum
916 3690 1143 3751 vestris
1212 3690 1439 3752 litteris
1509 3690 1977 3752 continentibus
2047 3690 2273 3752 seriem
2339 3695 2515 3770 geste
2583 3690 2671 3751 rei
2743 3695 2806 3751 et

344 3796 787 3875 recipiencium
831 3797 1206 3869 voluntateS,
1257 3817 1529 3858 unacum
1583 3797 1940 3858 rumoribus
1995 3797 2132 3857 aliis
2188 3796 2544 3857 referendis.
2648 3797 2810 3871 Quia

346 3921 565 3962 sumus
598 3902 986 3982 (benedictus
1016 3903 1423 3983 Altissimus),
1454 3902 1864 3982 spiritualiter
1889 3903 2163 3965 restituti
2193 3903 2258 3961 in
2293 3908 2542 3963 tantum
2577 3909 2641 3964 et
2675 3923 2804 3964 cor-

345 4007 641 4085 poraliter
695 4008 1010 4068 emendati
1066 4010 1232 4088 quod
1288 4028 1515 4088 corpus
1571 4014 1856 4068 nostrum
1915 4009 1992 4068 ad
2050 4008 2292 4068 labores
2339 4013 2403 4068 et
2451 4007 2694 4069 dolores
2742 4014 2808 4069 et

347 4113 533 4172 officii
602 4113 801 4173 nostri
871 4115 1241 4175 exercicium
1312 4114 1579 4175 sufficiat
1649 4114 1771 4175 hiis
1855 4114 2092 4184 diebus,
2163 4114 2572 4194 proponimus
2643 4113 2808 4174 circa

347 4215 609 4276 Festum
655 4216 869 4276 Sancti
920 4216 1249 4278 Michaelis
1292 4218 1370 4277 ad
1425 4218 1676 4297 propria
1731 4238 2026 4288 remeare,
2077 4218 2351 4279 Domino
2407 4218 2804 4289 concedente,

347 4323 675 4402 potissime
724 4321 873 4402 quia
920 4342 1107 4402 super
1154 4323 1273 4383 hoc
1316 4324 1627 4384 Dominus
1676 4324 1812 4385 Rex
1857 4323 1987 4402 jam
2037 4323 2132 4383 bis
2180 4327 2325 4401 post
2374 4322 2620 4382 Pascha
2660 4342 2808 4384 suas

348 4428 589 4489 litteras
631 4429 812 4490 nobis
854 4429 1044 4489 misit.
1129 4429 1216 4488 Et
1258 4429 1311 4489 si
1353 4449 1549 4489 unum
1593 4430 1669 4490 de
1711 4430 1946 4490 nostris
1983 4428 2230 4489 nunciis
2265 4428 2343 4487 ad
2381 4427 2808 4487 nunciandum

348 4526 531 4586 nobis
580 4527 1017 4587 certitudinem
1060 4546 1247 4588 cause
1294 4532 1507 4587 nostre
1554 4527 1696 4606 [vel]
1743 4527 1936 4587 alium
1979 4527 2056 4586 ad
2095 4546 2210 4587 nos
2257 4525 2614 4594 remittatis»,
2665 4544 2808 4584 cum

350 4644 473 4703 qua
521 4623 930 4685 festinacione
978 4629 1281 4702 oporteat,
1326 4629 1396 4684 ut
1452 4645 1489 4684 a
1543 4624 1868 4696 Fontanis‚
1926 4623 2031 4684 ubi
2081 4629 2234 4683 tunc
2289 4623 2539 4692 erimus,
2589 4620 2805 4682 volun-

350 4726 547 4781 tatem
596 4727 876 4782 nostram
920 4726 1066 4782 ante
1115 4741 1429 4782 recessum
1473 4727 1760 4782 nostrum
1802 4721 1980 4782 vobis
2020 4740 2132 4801 per
2173 4719 2440 4781 eundem
2473 4718 2571 4779 vel
2613 4718 2805 4778 alium

350 4819 688 4880 rescribere
756 4819 1093 4879 valeamus·
1199 4818 1511 4879 Nolumus
1580 4819 1889 4899 siquidem
1958 4819 2126 4898 quod
2194 4816 2392 4878 eciam
2459 4835 2658 4875 unum
2727 4815 2804 4876 de

353 4915 586 4977 nostris
644 4915 890 4976 nunciis
948 4916 1301 4976 retineretis
1359 4921 1639 4994 tempore
1698 4916 1888 4976 nimis
1945 4915 2149 4994 longo,
2192 4913 2339 4994 quia
2385 4912 2601 4973 nuncii
2647 4912 2803 4973 satis
