3619 5868
1158 487 1457 567 Episcopi
1511 487 1993 567 Herefordensis.
2685 490 2803 550 273

344 715 494 781 tem,
524 710 850 789 potissime
892 711 957 770 in
999 711 1399 790 expedicione
1441 718 1798 773 nostrorum
1842 714 2239 792 negociorum
2281 713 2696 792 pendencium
2739 713 2805 771 in

346 818 584 879 eadem.
668 818 920 888 Verum,
951 818 1098 897 quia
1139 818 1204 876 in
1247 818 1474 879 litteris
1502 818 1728 879 vestris
1769 818 1952 879 nobis
1985 819 2332 880 mandastis
2366 819 2534 898 quod
2565 819 2809 880 litteras

349 923 785 995 absolucionis,
816 923 914 985 vel
957 944 1145 1003 super
1185 924 1639 1004 irregularitate
1680 924 2191 1004 dispensacionis,
2222 925 2466 986 absenti
2500 945 2627 985 non
2661 945 2804 986 con-

345 1029 567 1091 ceditis
609 1050 860 1109 quoquo
902 1031 1105 1100 mode,
1149 1051 1261 1091 vos
1302 1049 1593 1109 rogamus
1634 1031 1802 1110 quod
1851 1030 2030 1092 nobis
2078 1031 2414 1093 rescribere
2461 1032 2805 1112 dignemini

346 1156 428 1196 an
491 1136 594 1196 ille
657 1135 936 1208 clericus,
1000 1136 1180 1215 cujus
1238 1156 1454 1196 casum
1516 1142 1580 1197 et
1636 1136 1963 1215 negocium
2027 1137 2323 1216 magister
2384 1138 2465 1197 W
2486 1137 2802 1216 [illelmus]

345 1242 523 1302 Brun
566 1241 744 1302 vobis
787 1242 1073 1321 exposuit
1116 1262 1242 1302 non
1285 1248 1382 1303 est
1419 1242 1544 1313 diu,
1580 1263 1836 1304 necesse
1878 1243 2105 1304 habeat
2145 1265 2259 1323 pro
2300 1265 2517 1306 eorum
2560 1246 2805 1325 expedi-

347 1346 526 1407 cione
569 1347 822 1407 Curiam
873 1353 1283 1408 memoratam
1328 1348 1535 1418 adire;
1593 1353 1657 1408 et
1698 1369 1813 1427 pro
1862 1349 1968 1410 illo
2017 1370 2129 1410 vos
2177 1369 2468 1430 rogamus
2509 1352 2807 1431 quatinus

347 1451 630 1531 ejusdem
686 1452 892 1514 clerici
947 1453 1294 1532 negocium,
1338 1458 1643 1532 quantum
1692 1453 1923 1533 poterit
1966 1454 2031 1513 in
2073 1455 2210 1534 ejus
2252 1455 2559 1527 absencia,
2603 1456 2809 1518 velitis

347 1559 580 1619 nostris
635 1559 922 1638 precibus
977 1579 1343 1638 promovere
1398 1559 1465 1618 in
1520 1564 1787 1629 tantum,
1833 1560 1887 1621 si
1936 1560 2141 1639 placet
2190 1567 2253 1622 et
2300 1561 2434 1622 fieri
2475 1563 2692 1641 possit,
2736 1568 2809 1623 ut

345 1684 457 1743 pro
500 1665 901 1744 expedicione
942 1665 1245 1744 prelibata
1287 1665 1364 1724 ad
1409 1665 1660 1726 Curiam
1704 1666 1966 1726 eandem
2010 1667 2302 1726 accedere
2344 1667 2601 1728 minime
2639 1688 2804 1729 com·

344 1769 651 1849 pellatur;
723 1770 889 1850 quod
944 1771 1196 1850 quidem
1253 1771 1454 1831 eidem
1511 1770 1781 1832 feceritis
1853 1791 1965 1831 seu
2032 1773 2512 1850 procuraveritis
2567 1774 2633 1832 in
2688 1774 2807 1834 hac

343 1881 522 1956 parte
592 1876 773 1937 nobis
842 1877 1271 1956 reputabimus
1341 1877 1470 1938 fore
1541 1877 1795 1937 factum.
1908 1878 1995 1938 Et
2064 1879 2116 1939 si
2175 1878 2459 1957 pluribus
2518 1880 2806 1958 occupati

347 2001 579 2041 nomen
622 1981 769 2041 dicti
814 1981 1018 2042 clerici
1060 1982 1355 2043 oblivioni
1398 1982 1711 2052 dederitis,
1769 1981 1976 2061 ipsum
2017 1983 2223 2044 dictus
2268 1984 2565 2064 magister
2612 1985 2691 2045 W
2714 1985 2804 2062 [il-

346 2086 595 2165 lelmus]
685 2088 862 2148 vobis
937 2089 1164 2149 iterum
1241 2088 1556 2149 revelabit.
1670 2089 1964 2149 Ceterum
2047 2109 2192 2169 erga
2274 2090 2807 2169 consanguineum

347 2200 647 2264 vestrum,
719 2194 1050 2255 Rectorem
1130 2194 1388 2255 ecclesie
1463 2195 1539 2255 de
1618 2194 2026 2265 Munselowe,
2097 2201 2429 2275 paternum
2508 2196 2806 2257 affectum

345 2299 731 2372 habebimus,
789 2307 862 2362 ut
920 2301 1283 2361 mandastis.
1389 2301 1476 2360 Et
1531 2301 1677 2380 quia
1733 2322 1861 2362 non
1918 2301 2152 2362 scimus
2207 2306 2271 2363 et
2326 2302 2561 2362 factum
2620 2322 2805 2363 suum

347 2407 626 2468 totaliter
680 2407 1056 2486 ignoramus,
1101 2406 1368 2467 scribere
1417 2413 1632 2468 nostro
1683 2407 1946 2468 Officiali
1997 2408 2385 2469 decrevimus
2440 2408 2607 2488 quod
2661 2428 2805 2468 eum

343 2509 409 2569 in
480 2511 688 2590 aliquo
756 2531 884 2572 non
961 2512 1269 2572 molestet.
1381 2511 1468 2571 Et
1544 2531 1686 2571 cum
1764 2511 1947 2572 nobis
2023 2513 2357 2592 aliquando
2432 2513 2809 2592 scripseritis

344 2618 676 2697 specialius
726 2620 802 2678 de
858 2620 1095 2689 eodem,
1154 2639 1228 2679 ea
1281 2638 1396 2697 pro
1445 2618 1679 2679 viribus
1729 2619 1982 2680 effectui
2032 2620 2388 2680 curabimus
2431 2620 2805 2698 mancipare.

348 2723 644 2785 Valeatis.
730 2725 968 2785 Datum
1025 2726 1189 2804 apud
1246 2725 1585 2795 Romanas,
1644 2724 1731 2803 iiij
1792 2725 2012 2785 Nonas
2067 2725 2259 2785 Junii.

346 3010 590 3072 Letters
636 3018 692 3071 to
742 3011 1022 3071 William
1062 3012 1240 3071 Brun
1279 3010 1406 3070 and
1449 3010 1614 3070 John
1662 3010 1734 3070 de
1783 3009 2082 3087 Bitterley
2123 3008 2442 3070 contained
2483 3015 2666 3068 secret
2709 3007 2803 3067 in-

591 3092 940 3162 structions,
983 3093 1109 3152 and
1149 3112 1297 3152 were
1338 3098 1443 3151 not
1484 3091 1711 3170 copied.

509 3249 1182 3309 Mnuofflmmm.—Et
1251 3249 1725 3309 memorandum
1809 3248 1977 3326 quod
2058 3247 2194 3325 ipsa
2276 3246 2410 3306 vice
2493 3246 2806 3306 Dominus

342 3355 600 3434 propria
657 3375 846 3415 manu
903 3375 1016 3415 sua
1058 3354 1308 3433 scripsit
1348 3354 1666 3434 magistris
1709 3352 2082 3436 W[illelmo]
2137 3353 2314 3413 Brun
2357 3360 2421 3414 et
2462 3354 2500 3413 J
2523 3354 2802 3431 [ohanni]

337 3460 419 3521 de
461 3459 799 3539 Buterleye
839 3460 1106 3539 quedam
1150 3464 1406 3530 secreta,
1450 3479 1715 3538 quorum
1759 3479 1887 3519 non
1930 3458 2320 3519 habebantur
2361 3459 2754 3537 transcripta.

510 3594 642 3653 Iste
700 3594 905 3653 littere
954 3592 1302 3671 subscripte
1359 3593 1438 3652 ad
1494 3592 1746 3652 Curiam
1797 3591 2148 3652 Romanam
2196 3610 2308 3670 per
2347 3590 2439 3661 P„
2482 3590 2803 3660 nuncium,

335 3706 404 3762 et
447 3700 713 3760 Pikarde
755 3699 1000 3759 fuerant
1043 3700 1385 3777 deportate.

343 3969 508 4030 June
536 3968 925 4028 16.—Letter
955 3974 1011 4027 to
1043 3966 1138 4027 his
1168 3967 1450 4026 Proctors
1479 3985 1557 4025 on
1587 3964 1683 4024 the
1710 3963 1858 4023 need
1879 3963 2227 4042 ofpresents
2261 3968 2318 4022 to
2342 3961 2438 4021 the
2471 3960 2804 4021 Cardinals

588 4049 659 4108 in
691 4049 866 4109 order
906 4055 962 4108 to
1006 4047 1275 4127 expedite
1312 4047 1408 4106 his
1448 4045 1668 4124 affairs
1697 4052 1763 4104 at
1792 4044 1998 4104 Rome.
2083 4044 2181 4103 He
2209 4063 2325 4103 can
2352 4042 2493 4120 only
2522 4042 2668 4102 send
2696 4062 2804 4102 one

593 4129 867 4190 hundred
893 4130 1154 4208 pounds,
1185 4128 1386 4188 which
1427 4127 1558 4186 will
1598 4126 1797 4204 suffice
1841 4126 1945 4185 but
1976 4125 2084 4204 sor
2123 4144 2164 4183 a
2232 4144 2315 4183 ew
2344 4123 2469 4183 and
2513 4123 2610 4183 the
2650 4129 2805 4182 most

591 4210 960 4289 influential.
1047 4209 1294 4270 Several
1340 4208 1539 4269 modes
1571 4208 1658 4286 -of
1699 4205 2105 4283 distributinq
2157 4212 2178 4264 t
2301 4224 2438 4265 sum
2484 4224 2587 4263 are
2641 4223 2800 4263 men-

593 4292 810 4352 tioned.
896 4292 994 4351 He
1049 4290 1302 4350 dislikes
1349 4289 1444 4349 the
1492 4288 1782 4367 proposal
1842 4294 1898 4346 to
1954 4287 2102 4364 offer
2139 4305 2348 4363 money
2398 4305 2466 4344 or
2496 4284 2700 4363 jewels
2746 4290 2805 4344 to

591 4372 688 4432 the
727 4373 908 4451 Pope.
993 4372 1064 4450 If
1098 4370 1431 4448 absolutely
1474 4388 1804 4446 necessary,
1849 4387 2008 4427 more
2054 4373 2217 4426 must
2261 4366 2326 4426 be
2368 4365 2667 4425 horrowed
2698 4365 2806 4444 sor

589 4453 685 4513 the
733 4472 996 4532 purpose
1018 4474 1040 4521 ,·
1106 4452 1168 4531 {f
1224 4452 1358 4511 that
1416 4451 1481 4511 be
1541 4456 1644 4509 not
1695 4448 1976 4529 seasible,
2040 4447 2394 4508 deductions
2458 4446 2676 4506 should
2740 4445 2805 4505 be

588 4534 761 4593 made
792 4534 961 4612 from
1004 4533 1101 4593 the
1141 4553 1304 4593 sums
1340 4530 1655 4611 proposed.

503 4693 1086 4751 PnocunA-ronmus
1171 4709 1236 4749 m
1316 4689 1520 4750 Cuma
1598 4687 1875 4748 Romans
1961 4683 2800 4761 MORANTOEUa—Magistris

335 4797 715 4881 W[illelmo]
778 4797 956 4857 Brun
1011 4802 1075 4857 et
1122 4797 1162 4857 J
1184 4795 1461 4873 [ohanni]
1518 4796 1594 4855 de
1643 4792 1981 4871 Buterleye
2030 4792 2314 4852 salutem.
2410 4790 2587 4850 Licet
2636 4789 2801 4850 inter

330 4925 458 4965 nos
516 4925 720 4965 sermo
775 4904 1049 4965 extiterit
1104 4903 1454 4982 aliquand0,
1511 4907 1575 4962 et
1630 4899 2032 4980 postmodum
2089 4917 2277 4976 super
2330 4896 2546 4957 eodem
2609 4895 2798 4956 fuerit
