3619 5868
1305 554 1606 644 Episcopi
1660 557 2141 638 Heresordensis.
2840 566 2957 628 12⁷

487 782 559 835 ut
601 776 1102 855 hospitalitatem
1146 799 1222 838 ex
1279 781 1369 840 eis
1413 800 1685 860 nequeas
1728 802 2073 854 excercere,
2118 785 2244 845 tuis
2299 769 2597 865 precibus·
2644 789 2950 862 inclinati,

485 883 860 944 auctoritate
911 883 1024 945 tibi
1070 885 1462 963 presencium
1513 886 1911 966 indulgemus
1967 894 2037 948 ut
2086 890 2271 950 liceat
2322 892 2432 952 tibi
2483 893 2561 952 de
2618 893 2951 972 Ledebury

483 993 547 1046 et
622 988 699 1048 de
781 988 1111 1068 Bosebury
1179 991 1476 1052 ecclesias
1546 1001 1653 1052 tue
1723 993 2009 1066 diocesis,
2082 995 2147 1054 in
2218 997 2444 1076 quibus
2520 999 2623 1076 jus
2702 999 2954 1078 optines

483 1101 880 1170 patronatus,
923 1095 1000 1156 ad
1044 1096 1452 1157 collacionem
1495 1104 1690 1170 tuam,
1737 1107 1807 1158 ut
1865 1101 2113 1172 asseris,
2158 1102 2345 1180 pleno
2385 1103 2523 1181 jure
2566 1111 2947 1182 spectanteS,

481 1197 547 1256 in
599 1217 750 1260 usus
797 1205 1080 1279 proprios
1136 1222 1280 1262 cum
1325 1205 1681 1264 vacaverint
1737 1205 2026 1267 retinere.
2135 1207 2240 1268 Ita
2282 1215 2493 1270 tamen
2536 1211 2703 1291 quod
2745 1211 2810 1270 in
2856 1213 2947 1273 eis

481 1303 678 1366 facias
739 1326 850 1385 per
907 1307 1186 1385 ydoneos
1243 1309 1507 1370 vicarios
1564 1310 1881 1382 deserviri,
1949 1318 2011 1374 et
2080 1313 2170 1374 eis
2240 1333 2315 1374 ex
2378 1315 2741 1376 earumdem
2804 1337 2941 1394 pro-

482 1413 774 1474 ventibus
815 1415 1174 1493 porcionem
1217 1436 1555 1494 congruam
1606 1419 1931 1496 assignari,
1976 1439 2053 1479 ex
2107 1439 2232 1500 qua
2287 1422 2547 1481 comode
2604 1423 2947 1484 sustentari

482 1519 736 1580 valeant
780 1529 854 1580 ac'
897 1521 1391 1600 hospitalitatem
1434 1532 1498 1583 et
1540 1524 1665 1585 alia
1705 1524 1987 1584 Ecclesie
2031 1545 2222 1587 onera
2276 1536 2666 1606 supportare.
2770 1527 2948 1588 Nulli

480 1624 670 1702 igitur
746 1627 1004 1685 omnino
1086 1627 1326 1686 homini
1387 1627 1574 1686 liceat
1645 1627 1809 1687 hanc
1877 1629 2171 1707 paginam
2243 1638 2455 1689 nostre
2523 1631 2947 1692 concessionis

480 1731 814 1809 infringere
873 1732 968 1792 vel
1023 1731 1080 1791 ei
1137 1751 1295 1793 ausu
1352 1734 1682 1793 temerario
1751 1734 2082 1794 contraire.
2198 1733 2265 1795 Si
2328 1735 2468 1814 quis
2538 1744 2752 1796 autem
2823 1736 2944 1796 hoc

480 1843 858 1917 attemptare
940 1840 1408 1918 presumpserit,
1493 1840 1995 1918 indignacionem
2097 1842 2565 1921 omnipotentis
2664 1843 2781 1902 Dei
2878 1850 2945 1903 et

478 1945 817 2006 Beatorum
865 1945 1036 2004 Petri
1079 1950 1144 2006 et
1187 1946 1389 2016 Pauli,
1437 1946 1878 2024 Apostolorum
1924 1947 2081 2024 ejus,
2127 1965 2193 2007 se
2236 1947 2477 2009 noverit
2519 1950 2937 2009 incursurum.

479 2052 718 2113 Datum
763 2052 1084 2122 Laterani,
1126 2051 1230 2129 viij
1277 2051 1598 2112 Kalendas
1642 2052 2029 2124 Decembris,
2076 2053 2491 2113 Pontificatus
2530 2055 2729 2114 nostri
2772 2073 2943 2114 anno

479 2159 700 2238 primo,

474 2403 628 2482 July
673 2403 1152 2463 20.—Mandate
1198 2409 1256 2462 to
1308 2403 1405 2462 the
1462 2402 1641 2462 Dean
1694 2402 1764 2479 of
1817 2401 2197 2480 Archenfield
2255 2409 2313 2462 to
2367 2401 2483 2462 cite
2545 2403 2803 2464 Thomas
2859 2403 2933 2465 de

719 2491 811 2545 st.
861 2484 1076 2554 Gizles,
1120 2483 1346 2560 callinq
1390 2483 1638 2559 himself
1669 2484 1897 2542 ‘Hector
1936 2486 2008 2558 os
2053 2483 2304 2555 Tretire,
2353 2491 2411 2544 to
2452 2503 2688 2544 answer
2731 2493 2790 2545 to
2834 2485 2933 2546 tho

715 2565 933 2644 charqe
988 2566 1058 2644 of
1097 2565 1406 2643 plurality
1464 2568 1536 2640 os
1583 2564 1884 2642 beneficas.

631 2711 896 2772 Crmmo
954 2711 1282 2771 MAG1sr1u
1339 2711 1574 2769 Tnoim
1632 2728 1718 2770 ns
1779 2709 2033 2771 SANc'ro
2090 2710 2735 2784 Ec1n1o.—Thoma8,
2784 2719 2933 2784 etc.,

471 2818 728 2879 Decano
798 2817 874 2878 de
937 2817 1316 2877 Irchenfield
1373 2816 1665 2888 salutem,
1730 2822 1873 2888 etc.,
1940 2816 2099 2877 Cum
2170 2817 2465 2894 magister
2525 2817 2801 2878 Thomas
2858 2817 2939 2879 de

472 2925 704 2986 Sancto
772 2923 1019 3004 Egidio,
1091 2942 1314 3002 gerens
1383 2942 1451 2983 se
1518 2941 1632 3001 pro
1699 2927 1940 2983 rectore
2009 2921 2269 2983 ecclesie
2343 2923 2421 2983 de
2504 2921 2701 2995 Retir,
2776 2923 2936 2985 alias

151 3052 252 3094 1201.
280 3052 377 3093 ³712.
461 3039 724 3092 vocatus
793 3030 1016 3091 fuisset
1084 3037 1451 3090 ostensurus
1520 3048 1643 3108 quo
1711 3029 1851 3107 jure
1912 3028 2094 3106 plura
2155 3028 2459 3089 beneficia
2520 3048 2735 3089 curam
2802 3030 2933 3089 ani-

462 3157 711 3198 marum
765 3136 1075 3197 habencia
1131 3136 1446 3207 retineret,
1491 3154 1608 3195 nec
1663 3134 1726 3195 id
1775 3135 2083 3195 hactenus
2125 3135 2328 3195 facere
2372 3136 2702 3206 curaverit,
2750 3136 2925 3197 vobis

458 3244 724 3304 firmiter
804 3242 1188 3321 injungendo
1270 3241 1650 3301 mandamus
1734 3240 2035 3319 quatinus
2115 3240 2466 3318 predictum
2550 3242 2923 3318 magistrum

458 3350 768 3409 Thomam
839 3348 1255 3428 peremptorie
1323 3346 1532 3407 citetis
1613 3346 1782 3426 quod
1852 3357 2214 3425 compareat
2284 3365 2493 3406 coram
2567 3345 2766 3418 nobis,
2827 3346 2929 3407 vel

457 3454 906 3515 commissariis
962 3454 1212 3525 nostris,
1258 3452 1357 3513 die
1411 3452 1590 3513 Jovis
1645 3454 1932 3531 proximo
1990 3460 2139 3512 ante
2182 3452 2443 3512 Festum
2490 3452 2708 3512 Sancti
2758 3451 2930 3511 Petri

457 3561 537 3621 ad
577 3561 867 3631 Vincula,
912 3560 1286 3639 ubicunque,
1332 3565 1454 3620 etc.
1554 3558 1720 3634 Quid
1776 3567 1994 3618 autem
2050 3577 2237 3636 super
2292 3557 2412 3617 hiis
2455 3557 2744 3629 feceritis,
2797 3566 2919 3618 etc.

455 3666 758 3729 Valeatis.
867 3667 1107 3726 Datum
1157 3666 1322 3745 apud
1381 3666 1658 3744 Sugwas,
1707 3665 1811 3743 xiij
1869 3664 2191 3724 Kalendas
2247 3663 2535 3743 Augusti,
2584 3664 2924 3725 Consecra-

456 3774 653 3835 cionis
695 3783 909 3833 nostre
952 3790 1118 3832 anno
1161 3772 1455 3832 secunde.

452 4021 606 4099 July
666 4019 931 4079 15.-At
989 4018 1086 4077 the
1140 4016 1416 4077 instance
1471 4015 1540 4093 of
1593 4014 1852 4073 Thomas
1908 4013 1979 4072 de
2034 4011 2411 4090 Inqclthorp,
2462 4011 2643 4071 Deam
2696 4012 2766 4087 of
2818 4011 2911 4071 St.

695 4100 930 4171 Paul's,
983 4098 1256 4170 London,
1307 4096 1750 4175 sequestratim
1791 4094 1862 4171 of
1900 4094 1995 4153 the
2041 4094 2222 4153 tichos
2264 4093 2333 4169 os
2370 4092 2753 4170 Goddinqto‘n
2783 4110 2911 4152 was

691 4180 962 4242 ‘released
1016 4180 1114 4240 till
1170 4180 1238 4238 M
1241 4177 1592 4238 ichaelmcw.

613 4325 1590 4391 Kom1monn.—Memorandum
1620 4324 1784 4404 quod
1817 4322 1918 4382 die
1948 4320 1987 4383 J
1993 4320 2127 4382 ovis
2158 4322 2445 4400 proximo
2478 4330 2625 4381 ante
2654 4321 2917 4399 Festum

446 4438 648 4498 Beate
693 4437 1068 4514 Margarete‚
1114 4452 1281 4494 anno
1319 4431 1620 4511 predict0,
1667 4430 1744 4490 ad
1785 4429 2163 4489 instanciam
2217 4426 2499 4506 magistri
2547 4426 2789 4487 Thome
2835 4425 2913 4486 de

447 4545 836 4624 Ingelthorp‚
899 4542 1138 4602 Decani
1201 4538 1681 4609 londoniensis,
1743 4535 1892 4596 fecit
1953 4533 2265 4594 Dominus
2325 4532 2599 4612 graciam
2659 4531 2912 4592 Rectori

445 4652 705 4712 ecclesie
763 4651 841 4710 de
901 4648 1268 4719 Kotintone,
1327 4643 1820 4706 continuandam
1877 4661 1917 4701 a
1973 4641 2143 4701 dicto
2185 4639 2285 4700 die
2338 4638 2377 4701 J
2383 4638 2517 4700 ovis
2572 4658 2771 4718 usque
2830 4636 2915 4699 ad

445 4759 707 4819 Festum
753 4756 968 4816 Sancti
1011 4752 1342 4813 Michaelis
1382 4750 1666 4829 proximo
1707 4759 2065 4808 venturum.
2169 4746 2255 4807 Et
2294 4745 2374 4805 ob
2416 4746 2535 4805 hoc
2578 4746 2915 4806 mandetur

445 4864 675 4925 ballivo
743 4861 821 4922 de
889 4858 1217 4937 Bosebury
1291 4857 1456 4937 quod
1526 4855 1773 4915 interim
1846 4872 1974 4912 non
2044 4852 2333 4931 paciatur
2400 4850 2643 4911 fructus
2710 4852 2911 4929 ipsius

444 4968 704 5031 ecclesie
760 4984 1024 5046 usquam
1082 4963 1348 5024 distrahi
1403 4980 1514 5040 per
1566 4959 1883 5039 prefatum
1942 4958 2295 5017 Rectorem.
