3619 5868
497 1679 594 1721 Fol.
623 1678 693 1721 ⁷b.

786 518 864 579 18
1417 518 1773 597 Reqistrum
1830 520 2049 581 Thomc
2100 521 2175 581 dc
2236 521 2567 601 Cantilupo

783 741 1040 802 Domini
1081 743 1367 822 proximo
1409 762 1698 824 sequens.
1785 744 2025 805 Datum
2068 745 2435 817 Londoniis,
2476 764 2561 807 xv
2601 744 2926 806 Kalendas
2968 745 3251 805 Novem-—

783 849 930 923 bris,
975 869 1144 910 anno
1183 850 1482 930 predicto.

787 1094 913 1155 Oct.
944 1098 1018 1153 21
1029 1094 1332 1155 .—Lctter
1375 1102 1433 1155 to
1475 1094 1771 1155 Edmund
1812 1095 1885 1155 de
1921 1095 2255 1175 Warefeldc
2296 1095 2633 1175 insorminq
2676 1095 2807 1155 him
2848 1096 2983 1156 that
3026 1096 3254 1174 Hem-y

1024 1176 1096 1235 de
1173 1176 1524 1236 Woodstock
1593 1176 1703 1237 has
1772 1176 2151 1236 under-taken
2220 1183 2278 1237 to
2340 1176 2559 1255 defend
2621 1176 2719 1237 the
2786 1176 2915 1237 suit
2970 1177 3081 1255 for
3146 1176 3254 1237 the

1017 1256 1284 1335 prcbcnd
1324 1257 1396 1335 of
1427 1256 1686 1317 Preston
1726 1262 1784 1317 to
1826 1256 2027 1317 which
2072 1256 2141 1317 he
2184 1256 2293 1317 has
2338 1256 2480 1317 been
2518 1256 2795 1327 collatcd,
2846 1257 2971 1317 and
3018 1257 3251 1317 direct-

1024 1337 1130 1415 inq
1174 1337 1308 1397 that
1351 1337 1448 1397 the
1494 1336 1704 1398 record
1742 1337 1816 1416 of
1850 1338 1948 1399 the
1984 1338 2377 1416 procoedinqs
2429 1339 2495 1398 bc
2534 1337 2845 1399 entrusted
2888 1346 2945 1399 to
2988 1339 3252 1399 Bardus

1025 1419 1094 1496 of
1126 1418 1502 1495 Poqqibonzi
1554 1439 1624 1478 as
1679 1418 1936 1479 Proctor
1974 1420 2084 1498 sor
2138 1419 2353 1497 Henry
2394 1419 2469 1479 de
2525 1418 2895 1480 Woodstock.
2996 1420 3049 1477 A
3092 1439 3252 1499 copy

1022 1500 1092 1578 of
1129 1499 1224 1559 the
1269 1500 1439 1559 letter
1477 1506 1609 1559 sent
1653 1506 1710 1559 to
1753 1499 2001 1559 Bar-dus
2044 1498 2100 1559 is
2143 1500 2431 1561 enclosed.

940 1658 1317 1719 Eoum-mus
1371 1676 1459 1718 nn
1503 1658 2333 1732 walamnum—Thomas,
2377 1664 2522 1731 etc.,
2566 1659 2795 1720 dilecto
2837 1658 3250 1719 Procuratori

782 1782 916 1835 suo,
961 1765 1262 1843 magistro
1305 1766 1642 1826 Edmundo
1685 1766 1762 1826 de
1807 1765 2181 1837 Warefelde,
2228 1766 2499 1827 salutem
2544 1785 2689 1826 cum
2734 1765 3077 1826 dileccione
3118 1766 3255 1825 sin-

782 1890 945 1931 cera.
1049 1871 1392 1933 Scribimus
1447 1872 1746 1951 magistro
1816 1872 2052 1944 Bardo,
2124 1872 2527 1932 Procuratori
2594 1878 2831 1943 nostr0,
2896 1873 2964 1932 in
3040 1872 3255 1933 forma

781 1977 1040 2039 inferius
1094 1977 1804 2050 annotata,—Thomas,
1864 1978 2272 2039 miseracione
2333 1976 2548 2038 divina
2614 1977 2971 2056 Episcopus
3042 1978 3251 2037 Here·

779 2085 1109 2157 fordensis,
1140 2084 1370 2147 dilecto
1413 2085 1811 2147 Procurator-i
1852 2104 1987 2156 suo,
2017 2084 2317 2163 magistro
2358 2083 2573 2145 Bardo
2612 2084 2692 2144 de
2736 2084 2934 2144 Podio
2976 2083 3251 2154 Bonisii,

777 2190 1048 2251 salutem
1097 2209 1241 2249 cum
1291 2190 1632 2250 dileccione
1691 2190 1956 2249 sincera.
2060 2188 2223 2263 Quia
2267 2188 2655 2267 prebendam
2700 2188 2780 2248 de
2829 2188 3136 2249 Prestone
3178 2188 3253 2248 in

775 2296 1064 2357 Ecclesia.
1120 2295 1591 2367 Herefordensi‚
1637 2314 1826 2374 super
1880 2314 2007 2375 qua
2059 2294 2437 2376 inquietavit
2494 2314 2611 2356 nos
2664 2295 2739 2355 P.
2786 2294 2864 2355 de
2914 2295 3246 2374 Langone‚

775 2403 1004 2463 dilecto
1075 2402 1292 2473 amicO,
1362 2401 1617 2462 domino
1688 2400 1968 2462 Henrico
2028 2400 2107 2461 de
2171 2399 2610 2473 wodestocke,
2676 2400 2938 2461 illustris
3002 2400 3247 2478 Regino

778 2510 998 2589 Anglie
1057 2510 1444 2571 Cancellario
1503 2517 1566 2571 et
1625 2508 1852 2569 clerico
1906 2506 2183 2587 speciali,
2236 2526 2383 2567 cum
2432 2525 2548 2569 sno
2603 2517 2792 2568 onere
2848 2506 3244 2567 contulimus

775 2616 1013 2677 intuitu
1073 2615 1391 2686 caritatis;
1463 2614 1570 2695 qui
1633 2633 1823 2675 cause
1883 2632 2072 2692 super
2132 2612 2269 2693 ipsa
2325 2618 2497 2674 mote
2554 2611 2983 2674 defensionem
3040 2612 3107 2671 in
3170 2631 3246 2674 se

777 2726 1002 2802 sponte
1044 2720 1339 2800 suscepit,
1379 2726 1444 2781 et
1487 2740 1602 2781 nos
1644 2738 1757 2799 pro
1798 2719 2027 2779 futuris
2070 2718 2479 2796 temporibus,
2524 2726 2833 2800 quantum
2877 2718 2953 2779 ad
3000 2738 3079 2779 ea
3118 2737 3250 2798 que

776 2846 1036 2889 causam
1097 2826 1489 2904 contingunt,
1559 2825 1932 2903 indempnes
1994 2844 2245 2886 servare
2309 2824 2578 2885 fideliter
2644 2824 3039 2903 repromisit;
3110 2824 3241 2885 dis·

772 2933 1121 2996 orecionem
1165 2940 1440 2994 vestram
1491 2932 1829 2994 affectuose
1876 2932 2251 3013 requirimus
2294 2938 2355 2992 et
2404 2951 2696 3011 rogamus
2738 2932 3039 3013 quatinus
3080 2931 3239 2992 dicti

775 3039 1038 3100 Henrici
1093 3040 1300 3100 velitis
1358 3058 1496 3100 esse
1565 3039 1630 3098 in
1699 3058 1894 3099 causa
1950 3039 2232 3117 predicta
2289 3037 2553 3115 diligens
2610 3037 3009 3109 Procurator,
3069 3039 3241 3098 sicut

775 3155 992 3206 noster
1047 3147 1245 3204 nostri
1301 3144 1500 3224 gratia
1554 3143 1866 3204 hactenus
1922 3143 2236 3214 extitistis,
2284 3162 2531 3203 summo
2586 3161 2774 3222 opere
2815 3152 3233 3222 procurantes

777 3257 850 3310 ut
914 3270 1029 3310 nos
1089 3249 1340 3310 racione
1397 3250 1563 3310 dicte
1621 3269 1812 3310 cause
1876 3268 1990 3310 nec
2055 3249 2400 3328 dampnum
2461 3269 2576 3310 nec
2625 3250 2973 3329 periculum
3024 3249 3237 3310 incur·

775 3372 1009 3414 ramus.
1110 3352 1270 3414 Cum
1319 3353 1488 3413 enim
1535 3352 1769 3412 dictam
1820 3351 2203 3431 prebendam
2251 3372 2367 3413 nec
2417 3353 2854 3432 possideamus
2912 3373 3028 3415 nec
3086 3354 3239 3414 dolo

777 3459 1146 3520 desierimus
1193 3457 1532 3536 possidere,
1585 3459 1845 3537 ejusque
1894 3477 2220 3538 possessor
2262 3478 2422 3530 eam,
2476 3478 2604 3521 non
2651 3459 2781 3521 litis
2830 3461 3086 3539 ignarus
3138 3467 3243 3520 set

775 3583 967 3625 onera
1025 3566 1134 3642 [et]
1189 3563 1467 3642 pericula
1523 3563 1746 3635 sciens,
1794 3565 2101 3643 receperit
2158 3565 2224 3624 in
2270 3583 2357 3636 se,
2402 3565 2653 3626 videtur
2706 3566 2997 3627 decetero
3046 3585 3239 3628 omne

775 3689 936 3731 onus
969 3671 1134 3750 quod
1179 3670 1422 3730 accidet
1465 3671 1834 3750 suscepisse,
1868 3677 1931 3731 et
1976 3690 2090 3731 nos
2132 3691 2243 3750 per
2284 3690 2675 3751 consequens
2715 3671 3038 3744 liberasse,
3070 3672 3243 3752 quod

778 3781 842 3837 et
884 3777 951 3835 in
993 3796 1060 3836 se
1109 3783 1458 3855 spontanea
1505 3777 1833 3838 voluntate
1881 3779 2177 3857 suscepit.
2290 3777 2494 3838 Mittit
2542 3784 2758 3840 autem
2804 3779 2885 3839 ad
2934 3797 3051 3840 vos
3100 3799 3243 3859 pre·

776 3882 984 3942 dictus
1042 3881 1334 3942 dominus
1405 3883 1721 3942 Henricus
1779 3883 2096 3964 quendam
2166 3883 2463 3944 clericum
2526 3885 2605 3945 ad
2667 3884 3107 3946 instruendum
3172 3892 3240 3946 et

775 3986 1243 4047 informandum
1301 4005 1415 4048 vos
1480 3987 1729 4066 plenius
1797 3988 1865 4046 in
1927 4007 2120 4049 causa
2180 3989 2482 4068 predicta,
2542 3997 2608 4050 et
2677 3990 2786 4070 qui
2842 4009 2957 4068 pro
3020 3989 3239 4051 labore

775 4099 988 4153 vestro
1043 4093 1452 4172 imposterum
1508 4113 1620 4173 pro
1676 4095 2036 4156 defensione
2091 4095 2257 4155 dicte
2306 4114 2491 4156 cause
2533 4095 2711 4156 vobis
2752 4101 2817 4156 et
2860 4097 3001 4157 aliie
3044 4096 3231 4158 advo—

775 4199 937 4260 catis
991 4199 1058 4257 in
1113 4197 1332 4258 eadem
1388 4217 1584 4259 causa
1641 4199 1984 4261 satisfaciet
2039 4205 2486 4279 competenter.
2590 4199 2847 4279 Nosque
2904 4206 3115 4260 autem
3168 4207 3234 4260 et

773 4306 982 4366 dictus
1025 4305 1090 4364 H
1111 4305 1403 4383 [enricus]
1451 4304 1781 4366 scribimus
1826 4306 2118 4367 Bandino
2160 4315 2223 4367 et
2264 4306 2404 4367 aliis
2448 4305 2632 4368 sociis
2674 4307 2825 4378 suis,
2872 4307 3231 4367 mercatori·

775 4413 894 4474 bus
943 4411 1234 4482 Lucanis,
1287 4412 1452 4491 quod
1494 4411 1671 4473 vobis
1720 4432 2083 4491 processum
2132 4412 2299 4473 dicte
2348 4432 2537 4474 cause
2588 4413 2859 4476 tradant.
2966 4414 3227 4484 Datum,

774 4525 896 4579 etc.
988 4518 1123 4578 Iste
1164 4523 1261 4579 est
1303 4523 1484 4578 tenor
1525 4518 1732 4578 littere
1775 4518 1943 4578 dicto
1983 4518 2196 4579 Bardo
2239 4519 2493 4580 directe.
2594 4519 2680 4579 Et
2722 4519 2869 4598 quia
2910 4517 2987 4578 de
3030 4517 3228 4590 vobis,

775 4623 1072 4703 magister
1125 4622 1521 4694 Eadmunde,
1567 4624 1921 4701 specialiter
1974 4624 2365 4696 confidimus,
2411 4643 2707 4704 rogamus
2752 4624 3054 4704 quatinus
3107 4629 3239 4684 tra-

773 4731 1005 4791 dicioni
1063 4749 1393 4809 processus
1456 4729 1668 4790 Bardo
1731 4730 2015 4791 faciende
2073 4731 2396 4802 intersitis,
2445 4750 2589 4791 cum
2652 4730 2819 4790 tradi
2878 4731 3230 4808 contingat.

775 4835 1078 4898 Valeatis.
1191 4834 1427 4895 Datum
1498 4834 1863 4905 Londoniis,
1936 4834 2020 4894 xii
2092 4833 2411 4894 Kalendas
2478 4834 2872 4895 Novembris.
2978 4834 3229 4894 Statum

773 4942 940 5003 dicte
989 4959 1175 5003 cause
1223 4940 1404 5002 nobis
1451 4959 1562 5020 per
1609 4941 2097 5002 intervenientes
2153 4941 2512 5020 frequenter
2564 4941 2919 5020 significare
2972 4941 3229 5002 curetis.
