3619 5868
1163 465 1461 547 Episcopi
1514 466 1998 547 Herafordmis.
2445 432 2456 443 ’
2699 468 2820 529 311

517 692 902 752 Ducem.—

348 836 657 897 Ricardus
716 835 793 896 de
864 835 1175 906 Hactone,
1242 834 1323 895 ad
1384 834 1639 895 titulum
1704 834 2089 912 patrimonii,
2155 854 2342 915 quem
2398 834 2684 895 exhibuit
2751 840 2816 896 et

756 942 1115 1020 resumpsit.

347 1048 539 1126 Hugo
582 1046 909 1117 Garnobel,
956 1046 1035 1105 ad
1078 1045 1335 1105 titulum
1376 1047 1551 1123 prius
1592 1045 1944 1106 exhibitum
1987 1050 2050 1106 et
2093 1054 2504 1125 resumptum.

348 1153 595 1214 Tudoer
636 1154 713 1213 de
758 1152 1073 1230 Orkhope,
1118 1151 1199 1211 ad
1241 1152 1497 1211 titulum
1539 1152 1713 1231 prius
1755 1150 2108 1213 exhibitum
2151 1162 2214 1211 et
2257 1158 2670 1231 resumptum.

352 1258 669 1319 Waltsrus
709 1258 787 1318 de
832 1258 1067 1317 Sancto
1110 1258 1439 1335 Dyonisi0,
1484 1257 1565 1318 ad
1606 1258 1866 1318 titulum
1915 1259 2279 1337 patrimonii
2321 1266 2384 1321 et
2425 1259 2704 1339 burgagii
2747 1260 2816 1321 in

759 1364 905 1423 villa
948 1364 1435 1424 Leomenestrie.

350 1471 664 1532 Robertus
707 1470 782 1531 de
826 1470 1054 1547 Bracy,
1102 1469 1183 1529 ad
1224 1470 1763 1548 presentaeionem
1808 1470 2180 1531 Cam-,ellarii
2225 1470 2727 1532 Herefordsnsis.

353 1576 707 1639 willelmus
763 1580 837 1637 de
896 1577 1162 1647 Markle,
1222 1577 1300 1636 ad
1358 1576 1616 1637 titulum
1678 1578 2043 1656 patrimonii
2101 1578 2274 1657 prius
2333 1578 2687 1639 exhibitum
2751 1584 2818 1641 et

758 1682 1134 1744 rehabitum.

349 1790 387 1849 J
395 1789 675 1850 ohannes
735 1789 812 1848 de
876 1788 1140 1859 Markle‚
1194 1790 1273 1848 ad
1332 1790 1875 1868 presentaoionetn
1941 1790 2461 1867 parochianorum
2525 1790 2814 1869 ejusdem

755 1894 895 1966 loci,
967 1894 1048 1955 ad
1116 1894 1561 1955 celebrandam
1633 1895 1896 1955 missam
1965 1895 2166 1956 Beate
2237 1896 2437 1956 Maris
2516 1896 2813 1975 Virginis.

754 2001 1083 2061 Johannes
1123 2001 1283 2079 Joye
1324 2001 1709 2078 presentavit
1751 2000 2043 2062 eundem.

350 2108 554 2168 Adam
597 2108 674 2167 de
718 2106 1036 2184 Wyltone,
1082 2106 1161 2167 ad
1204 2108 1459 2167 titulum
1500 2107 1860 2186 patrimonii
1903 2107 2254 2167 exhibitum
2291 2114 2356 2168 et
2391 2113 2810 2188 resumptum.

352 2217 553 2276 Adam
595 2215 675 2275 de
721 2214 1195 2286 Wantenovere,
1242 2215 1327 2274 ad
1367 2214 1625 2274 titulum
1668 2213 2033 2292 patrimonii
2073 2213 2510 2292 competentis.

351 2322 665 2382 Robertus
707 2322 785 2381 de
834 2321 1061 2391 Etone,
1106 2320 1187 2380 ad
1229 2319 1769 2399 presentaeionem
1819 2318 2058 2378 domini
2105 2319 2346 2379 Thome
2396 2320 2452 2381 le
2501 2320 2812 2383 Brettono

759 2436 823 2487 et
864 2425 1149 2504 magistri
1192 2426 1475 2496 Hem-ici,
1522 2424 1731 2486 Subde
1750 2424 1970 2503 [oani].

349 2532 697 2594 Nicholaus
752 2532 1127 2611 Champiun,
1172 2532 1252 2593 ad
1306 2532 1852 2610 presentacionem
1909 2530 2173 2591 Abbatis
2229 2537 2294 2591 et
2351 2532 2606 2593 titulum
2647 2534 2811 2595 Con-

756 2646 983 2697 ventus
1025 2637 1105 2697 de
1148 2636 1579 2715 Wyggemore.

344 2744 625 2823 Roget-us
665 2744 744 2804 de
788 2742 1228 2813 Henneberus,
1274 2742 1355 2802 ad
1396 2742 1936 2821 presentaoionem
1981 2741 2243 2802 Abbatis
2286 2741 2364 2803 de
2409 2743 2731 2806 Flaxhele.

343 2850 621 2910 Thomas
660 2849 739 2909 de
781 2849 1071 2925 Garewy,
1116 2848 1195 2909 ad
1244 2847 1785 2927 presentaoionem
1837 2848 2221 2926 Preceptorii
2264 2847 2342 2907 de
2386 2849 2678 2929 Garewy,
2725 2852 2808 2912 ad

752 2957 1007 3017 titulum
1053 2957 1316 3016 Domus,

342 3064 659 3125 Henricus
727 3063 805 3123 de
877 3062 1135 3134 Gloune,
1208 3061 1285 3122 ad
1350 3062 1609 3122 titulum
1678 3062 2094 3123 sufficientem
2165 3062 2517 3124 exhibitum
2579 3071 2644 3124 st
2713 3083 2808 3126 re-

750 3175 1095 3248 sumptum.

341 3276 618 3337 Thomas
661 3276 739 3335 de
782 3275 1185 3346 Boulestone,
1230 3274 1519 3335 Vicarius
1563 3274 1751 3335 Ghori
1798 3273 2301 3336 Herefordensis.

340 3383 659 3444 Walterus
701 3382 881 3460 Poly,
925 3381 1213 3443 Vioarius
1255 3382 1444 3442 Ghori
1490 3381 1993 3442 Herefordensis.

339 3489 650 3550 Robertus
718 3487 795 3548 de
858 3487 1207 3559 Bibesford,
1275 3487 1355 3547 ad
1418 3488 1675 3547 titulum
1735 3487 2101 3565 patrimonii
2164 3489 2514 3549 exhibitum
2587 3495 2652 3549 et
2714 3510 2810 3553 re-

747 3601 1090 3673 sumptum.

339 3702 649 3763 Ricardus
689 3701 727 3760 J
734 3701 904 3771 akes,
951 3699 1031 3760 ad
1074 3698 1326 3760 titulum
1371 3699 1732 3778 patrimonii
1776 3698 2126 3760 exhibitum
2170 3705 2235 3760 et
2277 3708 2692 3779 resumptum.

336 3807 663 3870 {lohannes
724 3806 801 3866 de
866 3805 1299 3884 Wyggemore‚
1367 3805 1449 3865 ad
1510 3804 1765 3865 titulum
1832 3804 2248 3865 sufficientem
2321 3805 2669 3867 exhibitum
2739 3813 2806 3869 et

745 3921 1158 3991 resumptum.

342 4021 694 4081 Willelmus
750 4020 827 4080 de
887 4017 1257 4098 Leynthale,
1316 4016 1397 4077 ad
1457 4017 1712 4077 titulum
1770 4017 2134 4096 patrimonii
2192 4017 2544 4078 exhibitum
2589 4025 2654 4079 et
2713 4038 2808 4081 re-

746 4131 1087 4204 sumptum.
1750 4211 1755 4214 -

341 4233 541 4293 Adam
610 4233 687 4293 de
760 4232 1191 4311 Wyggemore,
1258 4230 1337 4290 ad
1400 4229 1653 4291 titulum
1724 4229 2088 4308 patrimonii
2153 4230 2504 4291 exhibitum
2575 4235 2638 4291 et
2707 4250 2801 4292 re-

746 4347 1089 4418 sumptum.

338 4445 661 4506 Gilbertus
689 4446 767 4506 de
804 4445 1099 4516 Homme,
1130 4444 1209 4505 ad
1239 4444 1494 4505 titulum
1524 4442 1885 4522 patrimonii
1915 4442 2268 4503 exhibitum
2297 4449 2359 4504 et
2387 4449 2802 4523 resumptum.

339 4551 563 4612 Frater
604 4550 958 4612 Willelmus
1002 4550 1080 4612 de
1124 4550 1624 4629 Hulhamptone.

340 4657 561 4718 Frater
601 4657 929 4736 Philippus
973 4657 1049 4718 de
1093 4656 1447 4717 Lodelowe.

342 4764 566 4825 Frater
606 4764 782 4825 Elias
824 4765 900 4824 de
946 4764 1361 4825 Glouoestria.

339 4871 667 4932 Johannes
707 4871 787 4931 de
830 4870 1205 4948 Dymmoke.
