3619 5868
479 1781 574 1823 Fol.
602 1784 641 1823 2.

768 574 805 632 4
1157 637 1162 641 ,
1423 573 1782 652 Reqistrum
1839 573 2059 634 Thome
2114 572 2189 635 de
2246 572 2579 653 Cantilupo

762 808 1120 878 promptam
1163 799 1244 859 ad
1285 799 1680 879 beneplacita
1720 800 2138 861 voluntatem.
2222 798 2663 859 Venerabilem
2706 806 2915 859 cetum
2946 808 3235 859 vestrum

761 902 950 987 cur-[i]
963 904 1145 965 aliter
1198 904 1638 985 requirendum
1695 906 1991 966 duximus
2046 913 2109 966 et
2166 904 2515 984 rogandum
2570 912 2641 965 ut
2698 904 2960 965 dilectos
3002 903 3237 964 fratres

761 1017 1030 1083 nostros,
1089 1030 1198 1073 eos
1253 1012 1560 1082 videlicet,
1618 1013 1725 1092 qui
1795 1032 1984 1091 super
2036 1010 2420 1072 decanatum
2494 1011 2906 1081 contendunt,
2966 1018 3031 1071 et
3090 1028 3237 1089 pro-

758 1125 1083 1179 curatores
1124 1119 1426 1198 ipsorum,
1472 1118 1848 1179 auctoritate
1890 1123 2109 1179 nostra
2150 1136 2405 1178 monere
2450 1126 2514 1177 et·
2556 1116 2892 1178 efficaciter
2934 1116 3237 1176 inducere

759 1224 1062 1285 curaretis
1103 1230 1174 1285 ut
1216 1243 1392 1285 arma
1433 1224 1722 1285 decetero
1778 1223 2131 1284 adinvicem
2180 1241 2307 1282 non
2364 1226 2705 1293 moverent,
2750 1240 2866 1281 nec
2921 1240 3034 1299 per
3080 1238 3235 1281 suos

757 1331 992 1390 moveri
1047 1330 1505 1410 permitterent,
1551 1350 1666 1391 nec
1723 1329 1960 1409 aliquid
2015 1328 2295 1389 facerent
2354 1348 2432 1389 ex
2490 1348 2615 1409 quo
2661 1335 2921 1407 possent
2971 1326 3241 1386 iminere

752 1435 1030 1515 pericula
1087 1454 1416 1514 corporum
1473 1444 1586 1497 aut
1643 1436 1845 1496 eciam
1902 1435 2277 1506 animarum,
2332 1446 2431 1495 set
2488 1434 2765 1513 aliquam
2838 1432 2917 1493 de
2972 1432 3244 1493 consilio

757 1544 1102 1604 amicorum
1161 1543 1428 1603 formam
1491 1542 1892 1621 providerent
1948 1541 2261 1621 ydoneam
2324 1549 2388 1601 et
2451 1541 2804 1611 honestam,
2856 1560 2965 1619 per
3026 1558 3223 1619 quam

757 1648 960 1709 clerus
1014 1658 1078 1708 et
1133 1648 1403 1727 populus
1459 1647 1732 1708 civitatis
1787 1654 1853 1707 et
1908 1646 2252 1707 decanatus
2308 1644 2565 1724 pacifice
2620 1644 2748 1723 regi
2798 1650 3032 1723 posset.
3140 1644 3231 1703 Et

758 1754 906 1815 licet
947 1754 1173 1834 prefati
1215 1754 1671 1815 contendentes
1712 1755 1776 1813 in
1822 1754 2024 1814 forma
2071 1753 2351 1831 predicta
2390 1772 2503 1832 per
2544 1770 2663 1813 nos
2707 1752 2924 1813 moniti
2966 1751 3224 1823 fuerint,

755 1868 828 1922 ut
897 1860 1272 1939 accepimus,
1343 1866 1406 1921 et
1473 1860 1736 1931 inducti,
1781 1860 1902 1938 ipsi
1974 1865 2189 1919 tamen
2266 1858 2759 1930 accumulantes,
2836 1863 2907 1917 ut
2976 1857 3227 1928 dicitur,

755 1966 984 2027 cotidie
1041 1967 1212 2027 mala
1269 1967 1473 2038 malis,
1517 1967 1749 2046 populo
1809 1976 1875 2027 et
1930 1966 2097 2027 clero
2152 1964 2523 2025 scandalum
2578 1983 2827 2043 semper
2882 1963 3089 2041 majus
3148 1980 3225 2022 ac

755 2072 963 2151 majus
1024 2073 1290 2133 iniciunt
1350 2072 1502 2133 dum
1567 2091 1731 2132 unus
1794 2070 1987 2131 alium
2057 2077 2121 2130 et
2185 2075 2462 2141 econtra,
2524 2088 2601 2129 ac
2659 2088 2873 2129 eorum
2937 2067 3227 2147 quilibet,

755 2180 1032 2240 fautores
1088 2178 1348 2240 alterius
1403 2178 1929 2249 excommunicat,
1987 2176 2377 2237 incessanter
2438 2173 2780 2236 amicorum
2850 2193 2970 2234 usu
3031 2192 3100 2233 se
3166 2180 3231 2233 et

755 2285 874 2346 sibi
915 2285 1219 2355 faventes,
1265 2305 1390 2345 non
1448 2284 1683 2363 absque
1727 2283 2035 2362 sacrilegii
2074 2281 2352 2357 crimine,
2398 2280 2843 2359 impugnando.
2952 2279 3055 2339 Ex
3096 2298 3223 2358 quo

755 2392 983 2453 accidit
1051 2392 1219 2471 quod
1287 2392 1632 2452 auctoritas
1705 2389 1987 2450 Ecclesie
2053 2388 2479 2467 vilipenditur,
2556 2406 2670 2448 nec
2746 2387 2825 2445 de
2894 2384 3219 2445 sacerdote

756 2503 1014 2557 curatur
1055 2496 1326 2575 amplius
1368 2513 1558 2575 quam
1602 2494 1680 2555 de
1723 2514 1961 2554 scurra.
2062 2493 2149 2553 Et
2205 2501 2416 2572 potest
2460 2490 2865 2571 probabiliter
2908 2490 3231 2550 formidari

756 2602 922 2682 quod
965 2602 1030 2661 in
1073 2621 1148 2661 ea
1183 2600 1441 2661 civitate
1478 2600 1642 2660 inira
1677 2600 1865 2660 breve
1903 2611 2153 2677 tempus
2193 2598 2375 2657 multi
2416 2597 2574 2657 fiant
2612 2596 2793 2678 quasi
2832 2597 3111 2667 heretici,
3156 2596 3223 2655 in

752 2726 880 2788 qua
935 2707 1108 2786 prius
1165 2706 1412 2766 fuerant
1469 2704 1616 2766 boni
1685 2712 1749 2765 et
1821 2703 2081 2764 stabiles
2150 2702 2512 2763 Christiani.
2620 2701 2786 2778 Quid
2841 2701 2933 2761 illi
2995 2700 3225 2761 dicturi

753 2824 937 2874 erunt
1005 2812 1111 2892 qui
1181 2810 1697 2872 contencionibus
1766 2818 1831 2871 et
1898 2809 2202 2887 exemplis
2272 2808 2457 2869 malis
2542 2814 2637 2867 tot
2714 2806 3092 2885 precipitant
3158 2806 3231 2865 in

755 2939 1047 2992 errorem,
1091 2927 1312 2980 contra
1354 2937 1512 2997 quos
1550 2918 1783 2978 clamat
1829 2915 1910 2976 ad
1969 2915 2175 2976 Deum
2220 2914 2297 2976 de
2347 2919 2517 2975 terra
2558 2912 2813 2993 sanguis
2855 2912 3231 2973 afflictorum

754 3036 819 3087 et
877 3025 1381 3104 delinquencium
1443 3022 1859 3085 subditorum.
1965 3021 2109 3081 Non
2166 3020 2502 3081 attendunt
2544 3019 2710 3100 quod
2766 3026 2862 3080 tot
2920 3018 3233 3080 mortibus

754 3133 926 3212 digni
989 3141 1138 3192 sunt
1198 3136 1353 3211 quot
1422 3129 1797 3209 perdicionis
1862 3128 2149 3206 exempla
2219 3127 2299 3187 ad
2371 3127 2657 3187 subditos
2719 3126 3229 3186 transmiserunt.

755 3239 909 3308 Nos,
953 3236 1060 3319 qui
1101 3256 1318 3297 curam
1361 3236 1650 3295 dictorun
1693 3235 2081 3312 litigatorum
2125 3252 2199 3294 ac
2241 3233 2389 3293 cleri
2432 3242 2497 3293 et
2539 3231 2755 3311 populi
2798 3251 2837 3291 a
2882 3231 3215 3309 Superiore

750 3345 1117 3422 recepimus,
1177 3362 1288 3422 pro
1347 3341 1662 3402 scandalis
1726 3351 1788 3401 et
1850 3339 2334 3400 enormitatibus
2398 3337 2775 3416 supradictis
2842 3337 3003 3397 adeo
3067 3355 3215 3396 con-

752 3452 1081 3512 tristamur
1143 3449 1330 3529 quod,
1394 3447 1648 3530 quando
1711 3447 1791 3508 ad
1856 3447 2221 3506 memoriam
2286 3465 2361 3506 ea
2421 3445 2697 3525 perfecte
2753 3443 3131 3514 reducimus,
3183 3463 3226 3503 a

753 3555 908 3618 fietu
978 3575 1105 3616 non
1173 3573 1512 3635 possumus
1594 3554 1906 3614 interioris
1988 3552 2261 3612 hominis
2340 3553 2682 3611 continere.
2809 3549 2937 3611 Vos
3006 3548 3226 3630 itaque

754 3664 955 3724 tocius
1025 3662 1228 3723 cordis
1297 3662 1608 3722 instancia
1678 3660 1909 3721 iterato
1978 3659 2351 3738 requirimus
2415 3669 2479 3718 et
2542 3676 2835 3735 rogamus
2896 3655 3223 3736 quatinus,

757 3768 1054 3849 predictis
1096 3767 1511 3846 litigatoribus
1553 3775 1615 3826 et
1660 3764 1929 3826 subditis
1970 3765 2074 3844 pio
2115 3764 2441 3825 nobiscum
2479 3763 2945 3842 compacientes
2976 3761 3229 3833 affectu,

753 3875 924 3954 ipsos
965 3872 1418 3934 contendentes
1460 3891 1678 3951 rogare
1722 3891 1973 3932 monere
2004 3871 2209 3931 velitis
2252 3882 2315 3932 et
2358 3869 2652 3930 inducere
2690 3889 2835 3929 cum
2873 3868 3120 3939 effectu,
3154 3875 3225 3929 ut

755 3979 834 4040 ab
874 3977 1651 4049 excommunicacionibus,
1703 3976 2289 4055 impugnacionibus
2341 3975 2654 4046 violentis,
2695 3986 2759 4035 et
2810 3975 2949 4036 aliis
2996 3994 3215 4055 grava·

754 4086 1028 4146 minibus
1071 4085 1328 4156 mutuis,
1373 4104 1449 4145 ex
1491 4083 1720 4163 quibus
1760 4082 2063 4143 scandala
2114 4083 2420 4153 oriuntur,
2471 4082 2591 4143 Dei
2634 4088 2697 4142 et
2744 4081 2973 4142 Sancte
3019 4082 3220 4142 Marie

753 4199 1012 4271 patrone
1070 4199 1283 4250 nostre
1338 4189 1596 4260 intuitu,
1657 4197 1721 4249 et
1771 4197 1987 4248 nostra
2043 4199 2243 4265 parte,
2295 4186 2631 4258 desistant,
2684 4196 2755 4247 ut
2813 4187 3103 4249 Ecclesia
3160 4194 3223 4249 et

757 4297 992 4359 Civitas
1050 4296 1177 4356 sint
1235 4297 1300 4356 in
1354 4313 1525 4374 pace,
1570 4303 1634 4354 et
1698 4313 1776 4354 ne
1840 4312 1956 4354 nos
2019 4294 2185 4354 circa
2245 4293 2554 4372 premissa
2610 4311 2868 4352 manum
2924 4312 3226 4371 cogamur

756 4420 1068 4481 apponere
1137 4401 1501 4479 graviorem.
1629 4398 1795 4474 Quid
1866 4409 2080 4459 autem
2152 4418 2339 4478 super
2409 4399 2731 4478 premissis
2802 4398 3092 4470 feceritis,
3158 4408 3225 4461 et

753 4508 1022 4588 qualiter
1075 4506 1225 4567 dicti
1281 4506 1626 4584 litigatores
1683 4503 1857 4566 vobis
1913 4505 2370 4584 responderint,
2426 4513 2489 4565 et
2547 4505 2819 4585 qualiter
2874 4507 3224 4568 consulatis

751 4612 916 4693 quod
973 4613 1236 4673 ulterius
1298 4610 1710 4690 procedamus
1780 4611 1833 4671 si
1890 4611 2123 4671 nostris
2181 4610 2637 4672 monicionibus
2694 4631 2803 4688 per
2866 4631 2977 4673 vos
3033 4612 3222 4674 factis

752 4737 971 4798 parere
1025 4717 1537 4794 contempserint,
1586 4717 1762 4776 nobis
1820 4735 1931 4795 per
1986 4716 2231 4777 litteras
2274 4724 2515 4777 vestras
2571 4716 2837 4777 fideliter
2889 4717 3217 4780 intimetis.

752 4823 1036 4901 Valeatis
1091 4822 1155 4882 in
1207 4823 1480 4883 Domino
1535 4823 1688 4884 Jesu
1747 4822 2022 4884 Christo,
2145 4823 2385 4883 Datum
2445 4823 2613 4903 apud
2676 4823 3072 4904 Prestebury,
3128 4824 3219 4903 iiij

755 4929 910 4990 Idus
967 4930 1251 5007 Augusti,
1303 4947 1470 4988 anno
1514 4928 1768 4990 Domini
1815 4927 2281 4990 M⁰CC⁰LXX⁰
2326 4930 2565 5011 quinto.
