3619 5868
1203 501 1504 582 Episcopi
1558 503 1631 562 H
1627 502 2043 584 erefordensis.
2776 510 2855 571 43

385 724 556 803 Gopy
585 726 706 865 ofH
689 746 730 785 a
767 726 1041 867 ἷῆιᾶνιεὲἳ
1067 726 1961 869 {ytwhicllggalterffhlevvbzcnt
2002 750 2127 868 wit?
2170 730 2575 871 cnseoqleglhby
2618 732 2857 811 Bishop

631 827 1025 965 byquillieam
1037 809 1514 966 ZewHZGynton,
1530 830 1689 950 zZaeho
1731 817 2065 969 ‘cdd-§03:229
2095 831 2463 971 ῗοῗοῖάτὲηὲχῗ
2506 833 2671 954 αἷυῗιὸ
2694 813 2857 954 7·ξῄΖὲ

629 968 848 1047 charqc
875 970 945 1048 of
968 969 1129 1030 three
1157 969 1446 1049 shillinqs
1477 971 1602 1031 and
1619 973 1772 1051 four
1791 992 1995 1051 penca.

549 1113 718 1173 Item
747 1114 850 1175 hic
881 1119 976 1175 est
993 1114 1464 1176 ieoffamentum
1496 1135 1703 1178 suum.
1787 1116 1978 1195 Hugo
2009 1116 2233 1189 Foliot,
2266 1118 2386 1177 Dei
2416 1120 2625 1198 gracia
2656 1120 2853 1181 Here-

381 1216 695 1279 fordensis
719 1220 1093 1299 Episcopus,
1119 1226 1238 1282 etc.
1327 1222 1589 1283 Noverit
1611 1221 1987 1284 universitas
2010 1229 2221 1285 vestra
2244 1224 2409 1303 quod
2433 1244 2547 1285 nos
2569 1224 2855 1286 dedimus

383 1330 451 1384 et
480 1325 931 1399 concessimus,
963 1332 1027 1387 et
1069 1326 1191 1387 hac
1232 1328 1508 1406 presenti
1551 1336 1732 1389 carta
1759 1336 1980 1389 nostra
2009 1329 2540 1401 confirmavimus,
2573 1331 2857 1393 Waltero

385 1429 694 1501 clement,
725 1452 840 1511 pro
868 1433 1162 1512 homagio
1191 1440 1254 1494 et
1285 1433 1547 1495 servicio
1575 1453 1709 1506 suo,
1741 1438 1943 1494 totam
1987 1440 2219 1495 terram
2262 1455 2405 1497 cum
2448 1436 2856 1514 pertinenciis

384 1537 520 1598 suis
547 1537 613 1598 in
641 1540 921 1601 manerio
948 1552 1166 1601 nostro
1197 1540 1274 1601 de
1308 1540 1692 1619 Wyteburne
1721 1560 1913 1621 quam
1940 1540 2307 1603 ·Willelmus
2336 1542 2413 1603 de
2457 1542 2849 1621 Hudyntone

383 1642 728 1723 aliquando
757 1646 982 1718 tenuit,
1015 1665 1136 1724 que
1166 1652 1384 1706 nostra
1418 1654 1671 1707 escaeta
1713 1646 1850 1717 fuit,
1882 1666 1994 1725 per
2034 1646 2433 1707 latrocinium
2477 1648 2643 1728 quod
2687 1647 2853 1708 idem

381 1748 532 1811 fecit
587 1770 700 1830 pro
746 1770 869 1831 quo
915 1770 1258 1831 suspensus
1307 1750 1464 1823 fuit;
1517 1752 1863 1812 tenendum
1913 1759 1977 1812 et
2026 1751 2385 1812 habendum
2437 1752 2514 1813 de
2564 1752 2745 1813 nobis
2786 1758 2852 1815 et

381 1856 850 1919 successoribus
879 1856 1112 1918 nostris
1142 1856 1260 1917 sibi
1290 1863 1354 1918 et
1385 1857 1720 1918 heredibus
1750 1857 1901 1930 suis,
1934 1862 1998 1917 et
2028 1857 2363 1935 assignatis
2392 1858 2543 1930 suia,
2576 1860 2639 1917 in
2669 1858 2853 1919 feodo

380 1968 448 2023 et
475 1960 848 2031 hereditate,
880 1961 1070 2021 libere
1099 1968 1163 2022 et
1194 1962 1426 2043 quiete,
1457 1963 1696 2039 integre
1725 1968 1788 2022 et
1816 1961 2095 2041 pacifice,
2142 1962 2222 2022 ab
2252 1963 2542 2023 omnibus
2572 1963 2850 2024 serviciis

377 2068 694 2147 regalibus
717 2078 781 2128 et
810 2068 1102 2129 omnibus
1132 2068 1273 2129 aliis
1295 2068 1645 2141 demendis,
1671 2070 1881 2139 sectis,
1908 2068 2155 2129 auxiliis
2178 2075 2242 2129 et
2266 2069 2850 2144 consuetudinibus,

377 2193 504 2254 que
533 2174 611 2234 de
639 2180 808 2234 terra
837 2182 1066 2234 exeunt
1086 2173 1182 2234 vel
1203 2174 1368 2235 exire
1386 2180 1683 2253 poterunt
1707 2192 1721 2244 ;
1755 2180 1819 2233 et
1837 2174 1903 2233 in
1922 2172 2111 2235 bosco
2129 2181 2345 2235 nostro
2375 2174 2452 2235 de
2474 2174 2850 2254 Brinkestye
2971 2242 2979 2249 ,

381 2280 596 2359 fuayle
637 2279 772 2340 sine
813 2284 992 2340 vasto
1035 2284 1098 2341 et
1138 2279 1407 2340 husbote
1437 2289 1500 2339 et
1543 2277 1859 2357 heybote,¹
1896 2298 2007 2357 per
2038 2278 2241 2340 visum
2287 2277 2499 2339 ballivi
2534 2280 2754 2351 nostri,
2786 2284 2852 2340 et

377 2385 646 2447 liberam
677 2391 1004 2465 pasturam
1035 2386 1412 2447 omnimodis
1440 2386 1663 2447 averiis
1693 2386 1824 2446 suis
1852 2385 2335 2466 imperpetuum,
2368 2391 2431 2446 et
2462 2386 2528 2445 in
2556 2385 2851 2447 omnibus

375 2491 782 2553 libertatibus
823 2498 887 2552 et
929 2492 995 2551 in
1037 2492 1190 2553 locis
1233 2499 1296 2553 et
1336 2491 1524 2554 rebus
1544 2512 1561 2565 3
1621 2491 1939 2553 reddendo
1983 2492 2131 2553 inde
2160 2491 2489 2553 annuatim
2519 2492 2584 2570 iij
2618 2492 2853 2554 solidos

375 2598 470 2677 iiij
501 2598 778 2659 denariis
807 2617 920 2677 pro
948 2598 1120 2659 omni
1151 2598 1433 2670 servici0,
1465 2598 1922 2660 consuetudine
1964 2602 2025 2659 et
2068 2597 2383 2659 demanda
2412 2602 2475 2659 et
2517 2597 2852 2658 exaccione

378 2704 669 2765 seculari.
715 2762 722 2771 ,

267 2985 278 2994 ·
383 2948 630 3010 Vcrdz'ct
657 2949 728 3028 of
760 2969 802 3008 a
819 2949 972 3027 jury
1000 2949 1072 3028 of
1108 2948 1204 3010 the
1236 2947 1511 3008 hundred
1539 2949 1610 3028 of
1642 2947 1935 3008 Radlowe
1966 2947 2101 3008 that
2133 2946 2298 3007 John
2335 2947 2387 3008 le
2429 2947 2618 3008 Blont
2660 2947 2851 3009 killed

620 3050 661 3089 a
689 3029 799 3090 doc
828 3029 899 3089 in
929 3029 1026 3089 the
1052 3029 1216 3109 park
1244 3030 1316 3109 os
1345 3029 1654 3107 Ledbury.

536 3173 702 3234 Item
731 3173 809 3234 de
836 3191 1029 3253 parco
1056 3173 1134 3234 de
1165 3171 1498 3252 Ledebury
1527 3178 1591 3232 et
1621 3170 2190 3251 transgressoribus
2221 3170 2528 3249 ejusdem.

537 3305 576 3367 J
582 3306 749 3366 urati
779 3304 1115 3366 Hundredi
1141 3304 1219 3366 de
1247 3305 1584 3365 Radelowe
1613 3304 1691 3364 de
1722 3303 2055 3383 Ledebyry
2077 3303 2295 3365 dicunt
2322 3303 2491 3383 quod
2519 3302 2558 3364 J
2562 3302 2849 3364 ohannes

367 3411 434 3472 le
463 3410 680 3484 Blont,
724 3417 875 3472 tuno
903 3411 1203 3490 temporis
1230 3411 1576 3490 parcat-ius,
1609 3411 1849 3472 scilieet
1892 3415 2175 3490 tempore
2200 3410 2575 3480 vacacionis,
2619 3409 2848 3471 occidit

365 3534 568 3577 unam
597 3517 851 3577 damam
880 3517 946 3576 in
977 3536 1164 3596 parco
1192 3516 1270 3576 de
1299 3516 1650 3596 Ledebyry,
1682 3516 1849 3577 unde
1877 3517 1917 3576 J
1921 3516 2202 3577 ohannes
2234 3516 2454 3595 Legat,
2487 3515 2843 3576 Willelmus

367 3621 598 3693 Faber,
631 3622 949 3684 Henrieus
991 3623 1196 3693 Potel,
1227 3622 1266 3684 J
1270 3622 1550 3684 ohannes
1597 3621 1840 3683 Beaulu
1889 3622 2243 3684 habuerunt
2287 3627 2533 3702 partem
2568 3622 2646 3682 de
2675 3621 2849 3683 dicta

368 3727 568 3789 dama
593 3747 739 3788 cum
767 3728 940 3789 dicto
967 3728 1006 3790 J
1027 3729 1324 3808 [ohanne]
1368 3727 1672 3809 parcari0.

365 3971 524 4033 Alco
555 3972 687 4032 that
717 3971 932 4050 Henry
961 3973 1151 4033 Baret
1179 3973 1305 4033 and
1333 3992 1508 4033 seven
1533 3971 1731 4032 others
1765 3969 1903 4032 took
1920 3970 2045 4050 five
2074 3968 2257 4031 buoks
2288 3969 2413 4029 and
2451 3969 2589 4029 does
2632 3968 2703 4028 in
2745 3967 2845 4028 the

613 4052 776 4132 park
803 4054 874 4132 of
913 4054 1184 4114 Golwall.

538 4181 702 4242 Item
759 4181 977 4242 dicunt
1022 4181 1171 4242 dicti
1215 4181 1410 4261 jurati
1456 4182 1536 4242 de
1585 4201 1776 4261 parco
1820 4180 1898 4242 de
1941 4179 2272 4243 Golewelle
2313 4179 2480 4259 quod
2526 4178 2842 4240 Henricus

363 4287 590 4360 Bai-et,
624 4288 830 4348 David
869 4287 948 4349 de
991 4288 1210 4367 Treye,
1241 4287 1572 4367 Philippus
1599 4288 1639 4347 J
1642 4287 1887 4360 urbain‚
1920 4285 2275 4346 Willelmus
2315 4284 2483 4345 filius
2524 4284 2563 4345 J
2568 4282 2841 4345 ohannis

363 4391 456 4454 de
500 4393 931 4472 Meesyntone,
975 4393 1306 4472 Philippus
1347 4393 1426 4454 de
1469 4392 1882 4464 Messintone,
1928 4390 2283 4451 Willelmus
2328 4389 2495 4449 filius
2544 4388 2844 4453 willelmi

365 4499 738 4571 Camerarii,
797 4499 1117 4562 Walterus
1176 4500 1344 4560 filius
1401 4499 1660 4561 Roberti
1715 4498 1792 4560 de
1842 4498 1905 4559 la
1946 4498 2157 4568 Putte,
2202 4502 2266 4556 et
2309 4494 2616 4556 Ricardus
2660 4495 2737 4556 de
2780 4495 2847 4556 la

363 4605 592 4676 Hune,
623 4605 701 4667 de
745 4605 1098 4678 Golewelle,
1129 4609 1430 4686 ceperunt
1471 4605 1747 4684 quinque
1788 4603 2010 4663 dames
2052 4606 2117 4661 et
2158 4601 2382 4662 damas
2424 4600 2489 4659 in
2529 4618 2720 4678 parco
2761 4599 2842 4660 de

369 4710 728 4773 Colewelle.

525 4846 670 4886 1—w.
697 4845 917 4888 Clemant
943 4847 986 4888 is
1021 4845 1218 4890 allowed
1251 4845 1386 4888 wood
1422 4844 1496 4888 for
1530 4845 1667 4892 firins
1706 4840 1919 4891 (fuavle)
1955 4841 2052 4884 and
2084 4841 2259 4884 timber
2292 4840 2368 4883 for
2402 4841 2585 4900 repaire
2610 4839 2661 4882 of
2694 4841 2845 4882 house

357 4895 634 4994 ἷξζιρέἱέἰέὲἐι
651 4895 1218 4989 ἷτέἀῒξὶἰηὲξῗῦίσὶῗενὸοω).
1245 4899 1450 4940 without
1483 4897 1739 4938 detriment
1777 4891 2024 4940 (vastum)
2060 4897 2113 4935 to
2144 4893 2229 4934 the
2262 4903 2417 4940 eopse.
2453 4891 2639 4938 subiect
2673 4896 2725 4933 to
2758 4891 2845 4932 the
