3619 5868
792 475 915 537 310
1456 477 1814 557 Reqistrum
1871 479 2091 541 Thome
2143 478 2218 541 de
2275 478 2606 560 Cantilupo

956 730 1457 791 Summon—

792 858 1078 938 Rogerus
1135 858 1213 919 de
1260 858 1736 939 Wilhenehope,
1786 858 1866 918 ad
1909 858 2164 919 titulum
2211 859 2592 939 patrimonii,
2641 880 2828 941 quem
2871 860 3160 923 exhibuit
3200 866 3279 923 et

1195 964 1554 1044 resumpsit.

791 1072 834 1133 J
835 1072 1118 1133 ohannes
1160 1071 1344 1142 Beas,
1386 1076 1459 1132 ut
1500 1090 1707 1151 supra.

794 1178 1113 1239 Walterus
1154 1176 1233 1237 de
1276 1176 1624 1248 Snothulle,
1666 1181 1739 1236 ut
1779 1195 1988 1256 supra.

790 1283 1100 1344 Ricardus
1141 1282 1219 1344 de
1260 1283 1320 1343 N
1324 1283 1669 1353 ewenham,
1711 1286 1784 1342 ut
1826 1302 2033 1362 supra.

790 1389 985 1469 Hugo
1040 1389 1118 1449 de
1172 1387 1646 1467 Wydemerohs,
1704 1388 1783 1449 ad
1841 1387 2096 1448 titulum
2151 1388 2587 1461 sufficientem,
2641 1389 2987 1451 exhibitum
3043 1395 3110 1451 et
3169 1411 3274 1452 re-

1195 1498 1539 1573 sumptum.

792 1600 1101 1661 Ricardus
1143 1601 1219 1661 de
1264 1600 1451 1680 Sapy,
1496 1600 1571 1660 ad
1616 1599 1872 1660 titulum
1914 1600 2294 1679 patrimonii,
2336 1621 2524 1682 quem
2565 1602 2922 1682 resumpsit.

787 1707 1104 1769 Robertus
1163 1706 1295 1767 Cok
1350 1708 1427 1767 de
1484 1706 1876 1778 Hereiordia,
1933 1707 2012 1767 ad
2080 1708 2620 1788 presentaoionem
2675 1708 2884 1770 fratris
2939 1709 2982 1770 J
2982 1710 3270 1771 ohannis

1194 1814 1381 1875 Rooe.

790 1920 981 2001 Hugo
1050 1922 1127 1981 de
1198 1921 1259 1981 la
1326 1920 1545 1992 Barre,
1610 1920 1689 1981 ad
1757 1920 2299 1999 presentacionem
2362 1920 2880 1999 parochianorum
2949 1922 3267 1983 Omnium

1196 2026 1595 2088 Sanctorum.

792 2134 1122 2195 Hubertus
1176 2133 1255 2193 de
1311 2132 1671 2210 Westbury,
1724 2132 1805 2192 ad
1863 2131 2402 2211 presentacionem
2449 2131 2683 2193 Vioarii
2731 2132 2810 2191 de
2859 2131 3100 2204 eadem,
3149 2134 3264 2211 qni

1192 2238 1470 2317 portabit
1515 2238 1749 2298 bonum
1796 2237 2048 2298 titulum
2096 2236 2178 2297 ad
2222 2237 2577 2315 proximum
2621 2236 3097 2309 consistorium,
3143 2257 3262 2317 per

1194 2348 1661 2405 sacramentum
1704 2343 2010 2403 bonorum
2051 2343 2408 2423 prestitum.

788 2452 1101 2513 Robertns
1156 2450 1235 2511 de
1289 2450 1575 2522 Erdesle,
1624 2450 1705 2510 ad
1760 2450 2304 2528 presentaoionem
2357 2448 2882 2529 parochianorum
2939 2449 3270 2529 ejusdem,'

1192 2556 1273 2619 ad
1315 2555 1751 2617 celebrandam
1794 2556 2073 2617 missam.

790 2663 1165 2743 Badulphus
1220 2662 1299 2723 de
1342 2661 1776 2741 Wyggemore,
1822 2660 1902 2721 ad
1955 2660 2497 2740 presentacionem
2553 2660 2816 2721 Abbatis
2871 2666 2936 2721 et
2991 2662 3258 2722 titulum

1194 2768 1557 2830 Conventus
1598 2767 1800 2827 Beate
1845 2766 2067 2827 Marie.

788 2875 1112 2938 Walterus
1177 2874 1255 2934 de
1319 2872 1631 2951 Garbeye,
1702 2872 1779 2932 ad
1852 2871 2390 2952 presentaoionem
2457 2872 2838 2952 Preoeptorii
2907 2871 2984 2932 de
3053 2871 3255 2952 Uple-

1190 2981 1349 3042 dene
1393 2988 1456 3042 et
1500 2979 1753 3040 titulum
1798 2979 2062 3039 DomuS.

787 3087 1105 3149 Henrieus
1188 3086 1266 3147 de
1338 3085 1713 3156 Stikkeford,
1784 3105 1896 3165 per
1964 3085 2206 3146 litteras
2275 3083 2661 3145 dimissorias
2731 3084 3028 3164 Episcopi
3097 3085 3250 3146 Lin-

1187 3191 1541 3260 oolniensis,
1588 3190 1666 3250 ad
1710 3189 2250 3269 presentaeionem
2295 3188 2594 3250 willelmi
2637 3190 2715 3250 de
2761 3189 3127 3269 Steyntone.

784 3299 1061 3360 Brianus
1102 3299 1180 3358 de
1222 3297 1615 3368 Pedwardin,
1660 3317 1770 3376 per
1812 3297 2054 3358 litteras
2095 3296 2486 3358 dimissorias
2542 3296 2798 3357 Domini
2849 3296 3256 3359 Menevensis

1189 3405 1501 3465 admissus
1544 3412 1640 3464 est
1685 3403 1932 3464 Rector.

784 3511 1113 3574 Johannes
1174 3510 1253 3571 de
1316 3509 1637 3581 Westone,
1704 3509 1785 3570 ad
1849 3509 2107 3570 titulum
2164 3509 2547 3588 patrimonii,
2611 3509 2961 3570 exhibitum
3017 3516 3081 3571 et
3149 3531 3249 3572 re·

1186 3621 1527 3694 sumptum.

782 3720 1138 3782 Willelmus
1181 3721 1258 3798 de
1302 3720 1661 3800 Chandoys,
1706 3725 1777 3780 ut
1821 3739 2033 3800 supra.

782 3827 987 3889 Adam
1030 3827 1107 3886 de
1150 3826 1505 3906 Ledebury,
1548 3825 1629 3886 ad
1670 3827 2213 3905 presentaoionem
2257 3825 2543 3888 Rectoris
2589 3827 2668 3888 de
2713 3827 3160 3907 Wytebourne.

782 3933 1007 3995 Frater
1050 3931 1357 3993 Ricardus
1400 3931 1478 3992 de
1521 3931 1998 4003 Chadelintone,
2041 3931 2371 4004 heremita,
2415 3951 2526 4012 per
2565 3933 2814 3994 litteras
2855 3932 3251 3997 dimissorias

1184 4037 1483 4117 Episcopi
1526 4037 2028 4118 Lynoolniensis.

780 4144 1007 4206 Frater
1047 4143 1417 4221 Badulphus
1460 4141 1537 4203 de
1583 4143 1954 4215 Stratiorde,
1999 4142 2254 4204 Ordinis
2296 4143 2483 4204 Beati
2525 4143 2876 4222 Augustini.

776 4251 997 4312 Frater
1040 4249 1392 4310 Willelmus
1435 4247 1513 4309 de
1558 4247 2056 4327 Hulhamptone.

774 4357 999 4418 Frater
1038 4355 1365 4418 Johannes
1408 4354 1487 4416 de
1528 4355 1859 4434 Byseleye.

772 4463 999 4526 Frater
1043 4461 1360 4522 Walterus
1404 4461 1481 4520 de
1524 4460 1878 4521 Lodelowe.

774 4567 998 4628 Frater
1040 4565 1394 4626 Willelmus
1438 4565 1515 4626 de
1560 4564 2034 4626 Chadelintone.

774 4673 1001 4734 Frater
1042 4671 1415 4742 Alexander,
1462 4671 1773 4732 Lantonie
1817 4671 2044 4731 Prime.

774 4778 999 4839 Frater
1039 4776 1116 4837 de
1160 4777 1489 4854 Wyttone.

774 4885 998 4945 Frater
1038 4883 1391 4943 Willelmus
1434 4882 1511 4943 de
1554 4882 1953 4944 Wavertone.
