3619 5868
436 2851 533 2893 Fol.
561 2852 659 2895 s4b.

750 436 871 496 306
1395 438 1751 517 Reqistrum
1806 440 2028 501 Thome
2081 440 2154 502 de
2214 441 2546 521 Cantilupo

748 658 1053 720 Ricardus
1094 660 1173 721 de
1214 661 1525 733 Waltone,
1566 663 1813 743 juratus
1857 683 2044 743 super
2085 664 2272 725 titulo
2313 666 2694 745 patrimonii.

750 764 1075 826 Johannes
1118 766 1196 826 de
1238 766 1298 826 la
1339 766 1521 828 Hale.

752 871 1107 932 Willelmus
1149 872 1327 933 Bras.

750 978 791 1037 J
793 977 1075 1039 ohannes
1116 979 1193 1040 de
1236 979 1504 1059 Opesay.

749 1082 1055 1144 Ricardus
1096 1084 1173 1145 de
1215 1084 1537 1157 Wenloke,
1582 1086 1661 1147 ad
1704 1086 1959 1148 titulum
2002 1093 2484 1168 competentem.

746 1188 1028 1268 Rogerus
1070 1190 1146 1251 de
1188 1191 1390 1251 Parva
1431 1191 1822 1265 Herefordia‚
1866 1194 1945 1255 ad
1999 1194 2538 1274 presentacionem
2589 1194 2957 1256 Cancellarii
3006 1194 3220 1257 Here—

1157 1296 1483 1359 fordensis.

749 1401 808 1461 N
814 1402 1093 1463 icholaus
1136 1403 1213 1464 de
1256 1403 1449 1465 Groft.

746 1506 1053 1567 Ricardus
1096 1507 1172 1567 de
1216 1508 1697 1589 Esthamptone.

747 1612 788 1671 J
790 1612 1071 1673 ohannes
1114 1612 1191 1674 de
1231 1613 1290 1673 le
1334 1613 1530 1675 Dene.

748 1718 1100 1779 Willelmus
1142 1719 1220 1779 de
1265 1719 1651 1798 Spareforde.

744 1823 787 1883 J
789 1824 1070 1885 ohannes
1112 1826 1189 1885 de
1232 1825 1591 1905 Bereweky.

747 1929 1053 1992 Ricardus
1094 1931 1171 1992 de
1213 1932 1611 1995 Lawerdene.

745 2035 785 2097 J
788 2036 1069 2098 ohannes
1112 2037 1188 2097 de
1232 2038 1648 2117 Chetyntone.

744 2141 785 2202 J
788 2142 1069 2203 ohannes
1112 2143 1188 2204 de
1230 2144 1578 2223 Tasseleye.

745 2248 936 2328 Hugo
998 2248 1075 2310 de
1140 2250 1578 2329 Lentwardyn,
1642 2250 1721 2311 ad
1782 2251 2322 2331 presentacionem
2385 2255 2450 2312 et
2511 2250 2768 2311 titulum
2819 2249 3078 2311 Abbatis
3129 2250 3218 2311 de

1151 2356 1544 2435 Wygemore.

743 2459 1063 2523 Gilbertus
1106 2461 1182 2522 de
1225 2460 1565 2541 Glunbury,
1610 2463 1689 2523 ad
1728 2462 2269 2541 presentacionem
2313 2461 2546 2522 Prioris
2589 2462 2666 2522 de
2709 2461 3028 2522 Wenlake.

742 2564 863 2627 Isti
917 2566 1167 2628 ordines
1222 2566 1516 2629 celebrati
1573 2567 1826 2629 fuerunt
1881 2569 2048 2648 apud
2105 2568 2451 2639 Lodelawe,
2495 2573 2644 2629 ante
2686 2568 2946 2628 Festum
2991 2566 3220 2627 Sancti

1149 2672 1497 2744 Michaelis,
1540 2693 1707 2734 anno
1750 2674 2008 2736 Domini
2051 2674 2484 2735 M⁰GG0LXX⁰
2524 2679 2764 2735 octavo.

906 2840 1306 2901 Punsm'mni
1344 2842 1535 2921 jurati
1577 2861 1767 2921 super
1806 2840 1993 2904 titulo
2035 2841 2386 2903 sufficienti.

739 2970 1020 3051 Rogems
1076 2973 1153 3034 de
1208 2973 1625 3053 Ullingwyke,
1668 2973 1747 3034 ad
1802 2973 2060 3034 titulum
2115 2973 2212 3034 sui
2261 2973 2639 3052 patrimonii,
2683 2973 2850 3053 quod
2891 2972 3082 3034 habet
3123 2993 3208 3034 ex

1144 3080 1509 3141 testimonio
1550 3079 1794 3141 Warini
1837 3081 1914 3141 de
1957 3081 2308 3142 Grendene.

741 3184 958 3247 Simon
1016 3185 1093 3245 de
1151 3185 1471 3258 Westone,
1517 3186 1595 3246 ad
1651 3188 2192 3267 presentacionem
2251 3185 2539 3266 Magistri
2597 3186 2949 3267 Hospitalis
3009 3187 3210 3247 Lede-

1144 3294 1453 3356 buriensis
1508 3294 1634 3375 qui,
1677 3301 1750 3356 ut
1804 3295 2093 3375 promisit
2148 3295 2413 3375 prestito
2469 3301 2862 3357 sacramento
2918 3295 3085 3375 quod
3135 3293 3208 3354 in

1145 3399 1467 3460 biennium
1508 3420 1654 3461 eum
1696 3401 1761 3460 in
1805 3400 2039 3463 Ordine
2081 3421 2196 3463 suo
2237 3401 2514 3480 recipiet.

737 3505 1044 3566 Ricardus
1088 3506 1163 3566 de
1218 3505 1573 3577 Bromhale,
1618 3507 1754 3567 sine
1809 3507 2014 3578 titulo,
2058 3507 2136 3568 ad
2179 3507 2554 3568 instanciam
2596 3505 2839 3567 Warini
2881 3507 2958 3566 de
3001 3505 3204 3566 Gren-

1144 3611 1321 3681 dene,
1365 3611 1471 3690 qui
1512 3611 1667 3672 alias
1709 3631 1746 3671 a
1788 3611 2064 3672 Domino
2105 3611 2243 3672 sine
2285 3609 2470 3670 titulo
2511 3609 2933 3671 ordinabatur.

740 3715 1083 3777 Nicholaus
1140 3716 1216 3776 de
1273 3715 1604 3795 Marcleye,
1649 3716 1728 3775 ad
1783 3716 2039 3776 titulum
2096 3736 2282 3796 quem
2336 3714 2570 3796 juravit
2611 3735 2678 3776 se
2720 3715 2967 3787 habere,
3010 3720 3074 3776 et
3117 3715 3200 3776 ad

1144 3822 1575 3883 testimonium
1618 3823 1693 3882 R.
1738 3823 1816 3884 de
1859 3822 2173 3902 Heytone.

740 3927 1057 3989 Walterus
1098 3927 1176 3988 de
1218 3927 1428 4006 Caple,
1469 3927 1714 4007 juratus
1757 3947 1946 4007 super
1988 3927 2191 3990 titulo.

737 4035 778 4096 J
780 4033 1060 4096 ohannes
1095 4033 1345 4113 Gorwy,
1375 4033 1454 4094 ad
1495 4035 1751 4094 titulum
1793 4039 2275 4113 competentem,
2305 4053 2492 4114 quem
2527 4037 2798 4094 testatus
2837 4038 2934 4094 est
2967 4032 3198 4123 habere

1141 4140 1210 4199 in
1251 4139 1398 4199 villa
1438 4139 1516 4201 de
1558 4139 1905 4219 Ledebury.

738 4247 1076 4308 Gervasius
1146 4247 1223 4308 de
1291 4246 1685 4319 Waterdene,
1744 4247 1824 4307 ad
1880 4246 2136 4307 titulum
2195 4265 2381 4326 quem
2440 4245 2631 4307 habet
2691 4265 2770 4307 ex
2831 4244 3198 4307 testimonio

1141 4352 1561 4433 procuratoris
1602 4351 1837 4413 Prioris
1879 4353 1956 4413 de
1997 4352 2320 4424 Wenlake,
2363 4352 2441 4413 de
2484 4351 2697 4413 Clona.

734 4458 1041 4519 Ricardus
1088 4459 1166 4519 de
1216 4458 1516 4537 Dalyleie‚
1561 4458 1640 4519 ad
1694 4459 2234 4538 presentacionem
2290 4458 2564 4538 Capituli
2607 4457 3090 4519 Herefordensis
3132 4463 3199 4519 et

1142 4561 1259 4622 sub
1299 4560 1574 4640 periculo
1617 4561 1672 4620 L
1690 4563 1828 4640 [uce
1871 4562 1947 4622 de
1990 4561 2138 4639 Bre]
2161 4609 2174 4633 ,
2219 4561 2614 4623 Thesaurarii
2656 4561 2776 4622 loci
2817 4561 3033 4641 ipsius.

736 4667 1089 4728 Willelmus
1131 4668 1207 4728 de
1250 4667 1472 4728 Castro
1514 4665 1807 4747 Holegot,
1853 4687 2042 4747 super
2081 4667 2268 4728 titulo
2310 4667 2692 4747 competenti
2734 4669 2999 4748 juratus.

735 4771 1089 4834 Willelmus
1130 4773 1207 4833 de
1250 4771 1755 4834 Chirchhomme.
