3619 5868
860 478 980 539 278
1492 478 1848 558 Reqistrum
1905 479 2124 541 Thome
2176 479 2252 540 de
2311 478 2642 559 Cantilupo

861 707 1144 781 tempore
1206 708 1503 783 agnoscet
1560 704 1771 765 omnia
1833 724 2024 765 onera
2082 704 2246 765 dicte
2305 722 2525 776 cause;
2577 724 2701 784 qua
2744 710 3011 784 recepta,
3055 704 3140 764 ab
3195 704 3338 783 ipsa

858 807 1127 888 pecunia
1168 828 1283 869 nos
1324 810 1674 871 exoneretis
1714 810 1781 869 in
1825 815 2092 870 tantum.
2176 809 2470 871 Preterea
2502 810 2580 871 de
2611 830 2740 870 una
2775 830 2984 869 marca
3021 810 3336 889 magistro

861 912 1084 975 Cursio
1140 915 1475 995 persoluta,
1540 936 1726 996 quem
1787 922 2068 977 vestrum
2137 915 2346 977 dicitis
2414 921 3037 995 comprocuratorem,
3103 935 3334 995 quam·

782 1075 790 1083 .
859 1020 1199 1099 plurimum
1243 1020 1641 1093 admiramur,
1684 1042 1828 1083 cum
1871 1027 2084 1082 nostre
2127 1020 2426 1083 memorie
2465 1042 2593 1083 non
2635 1026 2920 1083 occurrat
2959 1042 3075 1083 nos
3111 1022 3334 1101 ipsum

860 1125 1153 1186 Cursium
1202 1131 1489 1187 nostrum
1546 1147 1796 1207 quoquo
1857 1133 2137 1206 tempore
2199 1127 2602 1189 constituisse
2659 1128 3162 1197 Procuratorem,
3215 1147 3336 1187 nec

859 1230 1055 1291 fuisse
1112 1232 1189 1293 de
1250 1237 1468 1293 nostra
1536 1232 1928 1294 consciencia
1989 1233 2444 1304 constitutum;
2515 1252 2705 1312 super
2771 1233 2892 1294 hoc
2953 1233 3148 1313 igitur
3214 1254 3334 1295 nos

858 1337 1135 1398 reddatis
1198 1336 1362 1399 inter
1424 1337 1543 1399 alia
1600 1339 1921 1399 cerciores,
2024 1338 2188 1399 Item
2253 1359 2380 1399 non
2437 1338 2730 1400 obstante
2776 1340 2944 1419 quod
2997 1338 3332 1399 residuum

858 1443 1141 1521 pecunie,
1204 1443 1369 1503 ultra
1430 1444 1943 1505 distribucionem
1997 1463 2356 1522 expressam
2424 1464 2624 1523 nuper
2691 1443 2758 1503 in
2825 1450 3042 1505 nostra
3109 1446 3334 1505 littera

858 1548 1035 1609 vobis
1079 1549 1287 1620 missa,
1332 1554 1537 1611 vestre
1578 1555 1642 1610 et
1687 1550 1968 1629 magistri
2008 1550 2088 1609 W
2109 1548 2370 1629 [illelmi]
2417 1550 2594 1609 Brun
2634 1550 2998 1629 reliquimus
3041 1550 3334 1611 totaliter

859 1654 1264 1726 d.iscrecioni;
1308 1654 1597 1716 volumus
1640 1656 1807 1729 quod
1849 1657 1924 1716 de
1967 1655 2073 1716 illo
2121 1655 2420 1735 magistro
2469 1655 2807 1716 Edmundo
2847 1656 2925 1716 de
2967 1656 3332 1716 Warefelde

858 1760 936 1821 de
977 1761 1064 1840 iiij
1111 1760 1337 1821 marcis
1386 1781 1499 1841 pro
1548 1762 1771 1822 salario
1822 1760 2106 1823 satisfiat.
2191 1760 2362 1822 Alias
2403 1766 2615 1821 autem
2658 1762 2810 1823 satis
2853 1760 3332 1840 computabitur

859 1887 1003 1928 cum
1072 1869 1291 1929 eodem
1362 1869 1439 1929 de
1521 1888 1644 1948 quo
1730 1873 2011 1948 tempore
2095 1867 2390 1929 salarium
2459 1867 2578 1929 sibi
2655 1868 2839 1929 solvit
2907 1869 3328 1928 antedictum.

858 1972 1162 2033 Finaliter
1205 1980 1416 2034 autem
1464 1974 1792 2034 scribimus
1841 1974 2228 2054 ista—quod,
2273 1974 2326 2035 si
2371 1975 2746 2034 Procurator
2793 1974 3050 2034 Domini
3100 1974 3326 2033 Archi-

792 2122 797 2129 -
856 2078 1132 2157 episcopi
1188 2078 1368 2139 nobis
1425 2080 1595 2140 omni
1653 2080 1839 2140 modo
1903 2079 2167 2141 voluerit
2226 2080 2556 2150 adversari,
2607 2085 2672 2139 et
2729 2080 2992 2140 firmiter
3046 2079 3328 2140 teneatis

855 2184 1021 2262 quod
1083 2204 1273 2244 causa
1330 2185 1447 2245 erit
1510 2186 1575 2243 in
1634 2184 1840 2257 Curia,
1902 2192 2053 2245 tunc
2111 2185 2412 2246 vellemus
2469 2186 2637 2266 quod
2694 2186 2862 2247 dicta
2918 2186 3171 2265 petici0,
3227 2186 3326 2247 vel

852 2288 1197 2349 consimilis
1256 2288 1431 2350 fieret
1500 2311 1645 2351 cum
1702 2290 1968 2361 effectu;
2040 2290 2130 2351 sic
2189 2292 2358 2352 enim
2414 2292 2516 2370 jus
2574 2296 2861 2353 nostrum
2919 2291 3326 2352 manifestius

852 2395 1194 2473 apparebit,
1225 2400 1288 2456 et
1330 2401 1545 2455 nostra,
1575 2396 1834 2456 victoria
1868 2416 1980 2457 seu
2017 2396 2223 2457 inanis
2263 2397 2459 2477 gloria
2499 2396 2635 2458 erit.
2709 2397 3000 2459 Valeatis.
3057 2398 3320 2457 Datum

852 2503 1018 2582 apud
1062 2503 1483 2577 Gumbisville,
1527 2506 1587 2585 xj
1634 2506 1952 2567 Kalendas
1993 2507 2033 2567 J
2036 2506 2164 2567 ulii.

851 2797 1127 2858 Petitt'o‘n
1181 2799 1252 2876 os
1309 2798 1405 2858 the
1468 2797 1703 2877 Bishop
1758 2799 1829 2876 os
1883 2797 2184 2888 Here-ferd
2241 2804 2298 2858 to
2356 2797 2422 2858 be
2477 2796 2730 2857 allowed
2788 2804 2844 2858 to
2901 2797 3192 2859 celebrate
3249 2819 3324 2859 m

1086 2898 1309 2960 person
1362 2899 1432 2940 or
1481 2878 1555 2957 by
1604 2879 1848 2958 deputy,
1893 2898 2036 2940 even
2083 2878 2154 2938 in
2197 2878 2294 2940 the
2345 2878 2487 2939 time
2527 2879 2599 2957 os
2631 2898 2672 2939 a
2711 2879 2952 2957 ymeral
2992 2878 3318 2951 Inter-dict,

1095 2981 1164 3021 as
1208 2961 1337 3021 also
1382 2968 1439 3021 to
1486 2961 1711 3021 ordain
1746 2961 2062 3038 anywhere
2103 2959 2340 3020 outside
2385 2959 2482 3020 his
2523 2959 2771 3031 diocese,
2814 2981 2882 3020 or
2927 2968 2983 3020 to
3025 2961 3319 3021 celebrate

1094 3041 1166 3101 in
1208 3041 1305 3102 the
1338 3061 1619 3121 presence
1647 3042 1715 3120 of
1742 3062 1994 3120 persons
2037 3041 2602 3111 excommunicated,
2645 3041 2903 3100 without
2947 3041 3043 3101 the
3083 3041 3320 3122 special

1099 3122 1317 3183 licenee
1377 3123 1447 3202 of
1502 3122 1598 3182 the
1660 3121 2014 3200 ordinary;
2073 3122 2198 3182 and
2258 3122 2392 3181 that
2453 3121 2523 3182 he
2577 3119 2796 3182 should
2853 3122 2920 3182 be
2964 3122 3100 3201 free
3145 3124 3318 3202 from

1094 3203 1309 3264 claims
1339 3203 1449 3282 for
1481 3210 1773 3282 payment
1815 3204 1885 3281 os
1921 3202 2116 3263 tenths
2145 3203 2262 3263 due
2277 3202 2448 3281 from
2487 3201 2725 3281 Bishop
2768 3202 2950 3273 John,
2992 3203 3130 3263 who
3171 3204 3317 3264 died

1094 3283 1167 3342 in
1212 3283 1368 3354 debt,
1419 3283 1599 3344 while
1650 3284 1746 3344 the
1800 3285 2018 3344 Oreum
2063 3283 2186 3344 had
2236 3283 2333 3343 the
2361 3283 2563 3362 fruits
2611 3282 2840 3360 during]
2890 3250 2988 3344 tl’ae
3041 3304 3316 3362 vacancy

1095 3364 1164 3443 of
1215 3365 1313 3425 the
1370 3365 1495 3425 See.
1607 3365 1669 3424 It
1718 3365 1772 3424 is
1826 3365 2126 3425 deserable
2182 3364 2317 3424 that
2376 3363 2581 3423 James
2649 3363 2724 3424 de
2793 3363 3033 3424 Sabello
3093 3365 3162 3424 be
3220 3365 3314 3424 in-

1081 3445 1323 3525 formed
1365 3446 1434 3525 of
1468 3445 1558 3505 all
1600 3445 1743 3516 this,
1788 3445 1915 3505 and
1956 3467 1996 3505 a
2030 3451 2274 3524 present
2315 3443 2536 3523 offered
2581 3451 2638 3505 to
2683 3444 2828 3504 him.

1012 3626 1182 3687 Petit
1252 3625 1733 3688 Herefordensis
1796 3626 1962 3705 quod
2023 3625 2270 3705 ubique,
2336 3625 2485 3685 dum
2549 3630 2763 3685 tamen
2823 3624 2960 3686 loco
3023 3626 3310 3696 honeste,

847 3732 1051 3812 possit
1094 3732 1403 3793 celebrare
1450 3736 1515 3791 et
1564 3731 1766 3792 facere
1808 3731 2120 3792 celebrari.
2223 3731 2389 3791 Item
2430 3731 2598 3810 quod
2638 3737 2813 3792 extra
2855 3730 3312 3810 Episcopatum

851 3857 1037 3899 suum
1078 3857 1226 3898 suos
1278 3836 1482 3916 possit
1536 3837 1705 3898 licite
1760 3837 2047 3897 ordinare
2101 3836 2336 3915 absque
2378 3836 2690 3896 Ordinarii
2732 3835 2994 3898 licencia
3035 3837 3310 3916 speciali.

850 3943 1017 4004 Item
1074 3943 1240 4023 quod
1295 3944 1361 4002 in
1417 3943 1689 4023 generali
1745 3942 2096 4012 interdict0,
2141 3962 2284 4002 cum
2342 3942 2472 4002 suis
2527 3946 2592 4002 et
2646 3942 2863 4020 paucis
2908 3942 3064 4013 aliis,
3107 3943 3312 4021 possit

850 4052 1159 4114 celebrare
1208 4057 1271 4112 et
1312 4051 1515 4112 facere
1564 4051 1877 4112 celebrari.
1963 4051 2128 4111 Item
2177 4050 2344 4130 quod
2386 4050 2450 4108 in
2493 4049 2817 4128 presencia
2858 4069 3306 4129 suspensorum

848 4163 912 4219 et
988 4157 1685 4226 excommunicatorum,
1757 4157 1864 4236 qui
1941 4163 2153 4216 tamen
2230 4155 2588 4216 notabiliter
2655 4175 2783 4216 non
2845 4161 2995 4216 sunt
3063 4176 3306 4216 excom-

850 4262 1171 4333 municati,
1228 4263 1429 4342 possit
1476 4262 1643 4322 licite
1687 4261 1996 4322 celebrare
2036 4267 2101 4320 et
2143 4260 2345 4320 facere
2386 4259 2699 4320 celebrari.
2805 4260 2971 4321 Item
3011 4261 3175 4339 petit
3215 4281 3306 4322 re-

848 4367 1233 4428 laxacionem
1272 4368 1511 4428 decime
1545 4369 1621 4428 de
1660 4374 1943 4446 tempore
1979 4367 2019 4427 J
2029 4365 2343 4448 [ohannis]
2389 4366 2862 4444 predecessoriS,
2901 4371 3019 4426 etc.
3104 4367 3308 4429 Gause

848 4473 1253 4534 relaxacionis
1301 4479 1568 4552 possunt
1624 4493 1761 4534 esse
1817 4473 1983 4552 quod
2038 4492 2151 4551 pro
2206 4471 2373 4531 facto
2427 4472 2882 4562 predecessoris
2937 4473 3137 4533 nostri
3181 4493 3306 4533 non

847 4580 1145 4640 debemus
1203 4579 1476 4640 indebite
1531 4579 1922 4658 pregravari;
1993 4578 2268 4639 indebite
2324 4578 2608 4648 dicimus,
2665 4579 2812 4657 quia
2873 4579 3038 4640 bona
3091 4581 3304 4660 prede-

848 4685 1113 4747 cessoris
1162 4685 1360 4745 nostri
1411 4705 1538 4745 non
1588 4685 1905 4744 sufficiunt
1962 4685 2039 4743 ad
2097 4703 2210 4744 sua
2259 4683 2469 4744 debita
2515 4683 2938 4763 persolvenda.
3041 4685 3130 4745 Et
3175 4687 3306 4746 Rex

847 4811 961 4871 per
1016 4810 1311 4870 magnum
1367 4796 1634 4869 tempus,
1693 4795 1846 4869 puta
1894 4795 2175 4868 tempore
2222 4789 2575 4850 vacacionis
2625 4789 3063 4868 Episcopatus,
3109 4790 3304 4870 ipsius

848 4897 1013 4958 bona
1073 4899 1285 4958 omnia
1346 4898 1707 4976 asportavit,
1765 4916 1880 4975 pro
1943 4897 2123 4976 cujus
2181 4901 2462 4975 tempore
2523 4894 2802 4974 prelatus
2861 4895 2969 4975 qui
3029 4897 3305 4958 succedit
