3619 5868
131 3234 232 3276 Fol.
257 3236 322 3277 38.

1254 541 1555 622 Episcopi
1609 541 2093 622 Herefordensis.
2788 543 2905 604 129

439 765 726 825 omnium
767 770 1100 846 parentum
1142 771 1207 826 et
1247 765 1714 826 benefactorum
1751 770 2130 837 nostrorum,
2176 766 2581 846 omniumque
2628 767 2907 828 fidelium

445 870 904 942 defunctorum,
949 876 1190 950 septem
1235 877 1588 932 carrucatas
1631 876 1793 932 terre
1836 891 1991 950 quas
2034 871 2478 952 acquisivimus
2518 873 2585 931 in
2631 873 2912 934 manerio

446 980 510 1036 et
568 975 864 1055 parochia
943 976 1020 1036 de
1081 975 1358 1035 Hammo
1419 976 1607 1054 Lacy,
1669 976 1960 1038 videlicet
2022 982 2221 1038 terras
2282 997 2439 1056 quas
2500 978 2767 1039 emimus
2830 978 2911 1040 ab

440 1081 680 1143 Abbate
749 1087 815 1143 et
876 1082 1206 1144 Conventu
1268 1082 1344 1142 de
1408 1081 1800 1154 Lavendene,
1865 1089 1929 1144 et
1992 1089 2222 1145 terram
2284 1105 2472 1163 quam
2535 1085 2804 1146 emimus
2867 1105 2905 1146 a

443 1189 744 1268 magistro
783 1188 1099 1249 Willelmo
1138 1188 1216 1248 de
1253 1188 1518 1259 Batone,
1559 1187 1782 1248 clerico
1818 1194 2054 1259 nostro,
2098 1193 2162 1249 et
2204 1194 2401 1249 terras
2442 1209 2598 1268 quas
2640 1190 2911 1250 emimus

441 1314 480 1354 a
514 1294 731 1354 Priore
789 1293 866 1354 de
905 1293 1271 1354 Crasswelle
1335 1299 1400 1354 et
1454 1293 1736 1374 ejusdem
1791 1295 1911 1355 loci
1968 1294 2263 1356 fratribus
2319 1294 2572 1356 Ordinis
2628 1296 2905 1357 Grande-

439 1399 809 1470 montensis,
878 1419 1022 1458 cum
1085 1399 1336 1478 capitali
1399 1401 1717 1479 mesuagio
1779 1405 1846 1460 et
1902 1401 2041 1461 aliis
2104 1401 2455 1480 mesuagiis,
2498 1403 2787 1481 grangiis,
2846 1408 2911 1464 et

449 1505 742 1566 omnibus
805 1504 944 1565 aliis
1005 1505 1284 1575 edificiis,
1348 1511 1486 1577 etc„
1549 1506 1912 1578 redditibus,
1976 1506 2335 1568 nemoribus
2397 1512 2461 1567 et
2516 1507 2911 1580 molendinis,

441 1611 736 1690 gardinis,
796 1610 1070 1682 vinariis,
1130 1611 1432 1690 piscariis,
1506 1612 1764 1692 stagnis,
1834 1611 2096 1682 rivariis,
2159 1612 2372 1691 pratis,
2436 1613 2703 1690 pascuis,
2767 1614 2903 1686 viia,

439 1717 701 1787 semitiS,
759 1721 823 1776 et
879 1716 1170 1778 omnibus
1225 1717 1364 1777 aliis
1414 1716 1821 1788 aisiamentis,
1885 1722 1949 1777 et
2006 1717 2297 1778 omnibus
2352 1717 2660 1797 homagiis
2713 1717 2905 1780 libere

436 1822 796 1883 tenencium
853 1827 917 1882 et
978 1842 1106 1882 non
1162 1821 1351 1882 libere
1409 1822 1786 1892 tenencium‚
1858 1827 1923 1883 et
1993 1822 2346 1901 specialiter
2406 1843 2549 1882 cum
2613 1823 2903 1904 homagio

441 1929 680 1990 domini
729 1928 992 1989 Henrici
1041 1929 1117 1989 de
1174 1928 1440 1988 Bradele
1495 1933 1560 1988 et
1613 1928 1916 1989 heredum
1972 1947 2245 1997 suorum,
2303 1932 2367 1988 et
2422 1928 2713 1989 omnibus
2768 1929 2907 1990 aliis

442 2034 630 2095 rebus
705 2038 769 2095 et
846 2032 1239 2094 libertatibus
1308 2038 1373 2093 et
1440 2032 1652 2093 liberis
1720 2031 2296 2102 consuetudinibus,
2367 2037 2497 2092 tam
2566 2032 2911 2109 nominatis

442 2161 631 2220 quam
701 2160 828 2200 non
898 2139 1257 2210 nominatiS,
1329 2139 1406 2199 ad
1478 2158 1696 2199 omnes
1764 2137 2078 2217 predictas
2146 2143 2344 2199 terras
2411 2138 2905 2218 pertinentibus;

443 2246 616 2308 salvo
657 2244 838 2305 nobis
880 2249 944 2305 et
986 2243 1449 2306 successoribus
1490 2243 1723 2304 nostris
1778 2244 1857 2304 de
1898 2243 2083 2304 dictis
2124 2243 2306 2304 terris
2348 2245 2607 2323 antiquo
2648 2227 2909 2306 servicio

438 2351 649 2412 debito
709 2355 773 2410 et
820 2354 1140 2410 consueto,
1251 2349 1558 2409 Dedimus
1606 2349 1823 2420 eciam,
1874 2354 2012 2420 etc„
2063 2354 2330 2428 quatuor
2376 2349 2565 2411 libras
2618 2350 2903 2430 sterling-

443 2477 625 2518 orum
667 2455 859 2516 annui
901 2455 1180 2516 redditus
1224 2475 1380 2534 quas
1422 2454 1650 2516 debent
1690 2455 1872 2516 nobis
1910 2455 2089 2515 Prior
2128 2461 2195 2516 et
2236 2455 2598 2516 Conventus
2644 2456 2909 2535 [Sancti]

443 2563 694 2623 Gutlaci
723 2560 1092 2622 Herefordie
1130 2580 1242 2639 pro
1283 2561 1658 2621 molendinis
1697 2561 2069 2622 Herefordie
2105 2581 2226 2641 que
2264 2562 2531 2623 emimus
2568 2567 2633 2623 et
2670 2563 2907 2623 eisdem

440 2668 520 2729 ad
557 2667 804 2727 firmam
845 2672 1212 2746 perpetuam
1253 2665 1695 2728 concessimus.
1780 2667 1869 2726 Et
1906 2666 2052 2745 quia
2078 2667 2255 2746 pium
2290 2672 2389 2728 est
2424 2667 2802 2747 pauperibus
2839 2667 2907 2727 in

437 2773 833 2834 necessitatis
870 2778 1151 2851 tempore
1192 2771 1540 2844 subvenire,
1579 2772 1887 2843 volumus,
1922 2778 1986 2832 et
2023 2773 2099 2833 de
2138 2792 2449 2833 consensu
2482 2774 2905 2852 predictorum

441 2880 680 2941 Decani
737 2885 800 2941 et
857 2875 1128 2959 Capituli
1183 2877 1562 2950 ordinamus,
1621 2878 1788 2958 quod
1849 2898 1964 2958 pro
2016 2877 2315 2958 predictis
2369 2877 2659 2940 omnibus
2714 2879 2903 2941 iidem

440 2988 734 3047 Decanus
779 2991 843 3046 et
889 2985 1249 3065 Capitulum
1294 2985 1597 3045 ducentas
1645 2989 1709 3045 et
1753 2984 2166 3064 quadraginta
2209 3004 2488 3045 summas
2533 2986 2672 3045 duri
2716 2985 2900 3058 bladi,

437 3093 728 3153 videlicet
770 3091 919 3152 boni
963 3090 1328 3151 mixtilionis
1379 3090 1706 3150 annuatim
1750 3090 2129 3170 pauperibus
2174 3095 2447 3170 erogent,
2514 3096 2577 3152 et
2624 3092 2690 3151 in
2738 3112 2905 3172 pane

440 3197 820 3259 distribuant
857 3198 922 3256 in
959 3197 1165 3257 Domo
1201 3195 1560 3275 Episcopali
1598 3194 2047 3256 Herefordensi
2086 3195 2329 3256 duobus
2376 3196 2525 3255 anni
2563 3197 2904 3269 mensibus,

440 3303 507 3363 in
569 3303 609 3364 J
611 3303 761 3363 unio
823 3302 1061 3363 scilicet
1122 3307 1186 3362 et
1247 3301 1436 3373 Julio,
1499 3301 1589 3362 ita
1645 3300 1812 3381 quod
1870 3300 2037 3361 dicta
2094 3300 2459 3361 distribucio
2516 3301 2627 3361 fiat
2685 3307 2780 3363 ter
2836 3302 2902 3362 in

441 3411 719 3492 qualibet
756 3410 1108 3489 septimana
1144 3409 1410 3469 duorum
1445 3408 1755 3470 mensium
1788 3407 2229 3487 predictorum,
2260 3412 2324 3467 et
2359 3406 2611 3468 cuilibet
2644 3408 2903 3487 pauperi

440 3516 720 3577 venienti
758 3515 940 3575 detur
976 3513 1252 3594 qualibet
1298 3513 1444 3592 [die]
1489 3514 1688 3593 ipsius
1715 3500 2193 3574 ‘distribucionis
2228 3512 2410 3591 panis
2448 3517 2623 3572 tante
2655 3513 2902 3592 quanti-

441 3622 593 3681 tatis
637 3621 804 3700 quod
847 3640 923 3681 ex
967 3639 1041 3680 eo
1085 3620 1286 3698 possit
1328 3639 1441 3698 per
1484 3639 1676 3678 unam
1719 3618 1888 3678 diem
1932 3618 2257 3678 commode
2299 3617 2672 3688 sustentari;
2730 3623 2793 3678 et
2834 3618 2900 3677 in

443 3725 718 3805 qualibet
775 3724 1126 3804 septimana
1181 3724 1491 3785 dictorum
1533 3724 1865 3794 mensium,
1915 3724 2180 3784 durante
2221 3723 2389 3783 dicta
2436 3723 2900 3795 distribucione,

439 3832 554 3893 fiat
583 3831 858 3912 provisio
894 3836 1258 3910 competens
1285 3836 1349 3891 et
1387 3830 1701 3891 sufficiens
1737 3850 1851 3909 per
1879 3850 2071 3889 unam
2109 3829 2275 3890 diem
2305 3830 2369 3888 in
2408 3849 2571 3909 pane
2608 3828 2907 3891 fratribus

441 3938 787 4000 minoribus
836 3937 1206 3999 Herefordie
1260 3936 1694 3999 residentibus.
1806 3937 1894 3996 Et
1949 3936 2003 3996 si
2057 3934 2217 3997 forte
2272 3935 2603 4015 contigerit
2657 3940 2902 3995 tantam

439 4045 910 4105 multitudinem
969 4062 1316 4122 pauperum
1378 4043 1458 4102 ad
1525 4040 2037 4103 distribucionem
2105 4040 2529 4119 supradictam
2589 4039 2905 4102 confluere

439 4151 606 4231 quod
667 4169 796 4210 non
857 4153 1072 4228 posset
1133 4147 1495 4208 distribucio
1557 4166 1754 4225 usque
1818 4145 1897 4205 ad
1958 4145 2149 4205 finem
2211 4145 2519 4205 dictorum
2588 4145 2901 4206 mensium

438 4256 671 4337 perfici,
721 4260 793 4315 ut
848 4260 948 4316 est
1003 4254 1260 4323 dictum,
1317 4252 1427 4313 fiat
1483 4252 1829 4313 secundum
1886 4250 2148 4311 formam
2204 4250 2548 4330 predictam
2603 4251 2902 4332 quamdiu

439 4363 706 4425 sufficiet
760 4361 999 4421 dictum
1056 4359 1326 4420 bladum.
1447 4358 1536 4418 Et
1591 4358 1796 4438 siquid
1850 4362 1997 4437 post
2052 4356 2254 4417 dictos
2310 4356 2467 4418 duos
2520 4377 2769 4419 menses
2824 4357 2904 4419 de

439 4470 608 4529 dicto
652 4466 835 4527 blado
881 4466 1200 4526 residuum
1244 4463 1450 4536 fuerit,
1501 4463 1912 4525 distribuatur
1958 4463 2025 4522 in
2074 4462 2597 4542 subsequentibus
2646 4464 2901 4543 septim-

439 4574 596 4635 anis.
707 4572 1016 4633 Volumus
1061 4570 1260 4631 eciam
1305 4575 1370 4630 et
1414 4569 1776 4630 ordinamus
1818 4569 1985 4648 quod
2026 4568 2321 4629 fratribus
2362 4569 2439 4629 de
2482 4568 2905 4630 Crassewelle²

440 4681 780 4760 quingente
835 4699 1041 4739 marce
1099 4677 1423 4739 solvantur
1476 4678 1556 4738 de
1601 4676 1870 4756 pecunia
1915 4680 2133 4737 nostra
2185 4676 2241 4737 si
2297 4676 2539 4755 quitare
2592 4677 2903 4738 voluerint

588 4840 757 4881 l-The
783 4836 952 4880 monks
977 4837 1028 4879 of
1052 4839 1278 4881 Craswell
1305 4850 1482 4886 appear
1506 4840 1559 4879 to
1584 4836 1706 4878 have
1732 4834 1957 4884 accepted
1982 4835 2065 4878 the
2090 4840 2243 4877 terms
2268 4836 2379 4878 here
2406 4836 2648 4885 proposed.
2728 4839 2780 4879 ln
2811 4840 2913 4880 15³⁹

434 4892 518 4932 the
542 4893 701 4931 estate
725 4901 829 4931 was
856 4887 1015 4930 leased
1057 4888 1117 4936 by
1151 4890 1233 4930 the
1270 4890 1402 4930 Dean
1436 4886 1530 4930 and
1566 4887 1776 4934 Chapter
1811 4886 1886 4928 for
1924 4888 1995 4927 19⁸
2026 4898 2167 4934 years
2203 4892 2254 4927 at
2290 4899 2319 4928 a
2354 4887 2572 4928 resen-ved
2608 4891 2714 4929 rent
2747 4886 2797 4929 of
2831 4888 2907 4931 six

431 4940 675 5036 2332&oe
700 4940 838 5031 fffl'i‘i
864 4939 1168 5030 ἰδῃειίιείὲιιτξιοη.
1195 4938 1434 4986 grandson
1460 4936 1510 4980 of
1535 4938 1618 4980 the
1642 4936 1843 4985 original
1868 4936 2034 4983 lessee.
2064 4944 2183 4984 save
2208 4937 2291 4979 the
2316 4936 2467 4978 tithes
2491 4935 2541 4979 of
2568 4938 2832 4986 Fownhope
2857 4938 2907 4980 in
