3619 5868
847 511 968 570 266
1461 551 1466 554 -
1510 513 1867 592 Reqistrum
1924 514 2142 575 Thmm
2196 515 2271 574 de,
2328 515 2659 594 Cantilupo

845 733 914 793 in
956 737 1214 816 negocio
1269 737 1491 798 talium
1546 739 2007 800 correccionum
2064 739 2355 800 defensor
2409 739 2659 800 admitti
2715 759 2841 799 non
2896 738 3323 807 consueverit,

848 839 1056 921 ipsum
1113 847 1345 915 tamen,
1391 864 1515 924 quo
1571 845 1648 904 ad
1705 845 1874 905 diem
1929 845 2125 916 illum,
2171 847 2249 906 ad
2298 845 2727 906 defensionem
2778 844 3153 906 admisimus
3208 843 3327 904 sub

845 948 1182 1022 caucione;
1241 950 1330 1010 ita
1386 951 1672 1012 videlicet
1730 953 1898 1033 quod
1944 953 2228 1032 proximo
2278 954 2377 1014 die
2425 953 2555 1014 litis
2604 952 2811 1013 dictus
2860 951 3053 1012 frater
3094 951 3323 1028 W[i11-

847 1053 1101 1138 elmus],
1148 1055 1486 1118 ratificaret
1533 1057 1947 1137 personaliter
1996 1059 2112 1119 sub
2150 1079 2315 1138 pena
2362 1058 2549 1118 unius
2596 1078 2803 1118 marce
2852 1057 3094 1136 argenti
3146 1056 3323 1136 quic-

845 1161 998 1240 quid
1039 1161 1146 1222 illo
1195 1162 1295 1223 die
1334 1183 1448 1224 suo
1491 1165 1746 1224 nomine
1786 1185 1901 1244 per
1940 1165 2116 1225 illum
2159 1165 2452 1226 clericum
2499 1169 2667 1226 esset
2706 1164 2959 1224 factum.
3046 1164 3139 1223 Et
3176 1182 3323 1222 cum

845 1268 1007 1328 idem
1062 1269 1322 1330 clericus
1385 1274 1553 1331 esset
1609 1272 1687 1331 ad
1743 1270 2170 1332 defensionem
2221 1269 2446 1350 prefati
2498 1269 2789 1330 monachi
2839 1268 2929 1330 sic
2978 1267 3321 1338 admissus,

841 1374 1026 1454 petiit
1081 1375 1334 1436 nomine
1376 1376 1659 1455 ejusdem
1701 1375 2036 1436 articulum
2091 1396 2279 1455 super
2334 1375 2391 1436 ei
2430 1374 2772 1436 obiciendis
2822 1374 2939 1434 sibi
2990 1374 3133 1444 0613
3198 1392 3323 1453 quo

845 1484 1124 1558 optent0,
1167 1479 1532 1559 prefiximus
1577 1481 1644 1539 in
1691 1500 1961 1560 persona
2015 1481 2153 1560 ejus
2210 1480 2411 1541 eidem
2470 1479 2645 1539 fratri
2704 1479 2785 1538 W
2806 1478 3086 1556 [illelmo]
3152 1478 3323 1538 diem

839 1583 1178 1664 juridicum
1233 1585 1586 1664 proximum
1643 1591 1788 1664 post
1851 1585 2113 1647 Festum
2172 1585 2403 1647 Sancte
2462 1585 2673 1656 Lucie,
2731 1584 3025 1663 Virginis,
3088 1583 3173 1644 ad
3230 1603 3321 1644 ro·

842 1680 1298 1770 spondendum,
1343 1696 1460 1752 etc.
1563 1691 1649 1751 Et
1704 1691 1852 1771 quia
1907 1691 2053 1752 talis
2108 1691 2365 1770 prefixio
2406 1689 2719 1751 defensori
2766 1689 3133 1769 hujusmodi
3186 1694 3323 1749 erat

843 1795 1010 1857 facta
1064 1817 1140 1857 ex
1195 1796 1601 1867 habundanti,
1653 1796 1915 1858 fecimus
1970 1797 2246 1876 legitime
2302 1800 2366 1857 et
2406 1796 2826 1876 peremptorie
2876 1796 3083 1874 ipsum
3136 1794 3319 1855 citari

841 1904 1010 1983 quod
1068 1903 1287 1964 eodem
1350 1903 1452 1963 die
1519 1923 1729 1963 coram
1791 1903 1973 1964 nobis
2030 1903 2442 1982 personaliter
2511 1906 2919 1980 compareret,
2981 1901 3320 1961 veritatem

844 2011 1126 2070 dicturus
1185 2009 1250 2068 in
1312 2009 1672 2090 premissis;
1737 2029 1883 2069 cum
1945 2009 2022 2070 de
2083 2009 2348 2070 veritate
2410 2007 2887 2067 Procuratorem
2954 2007 3143 2066 sicuti
3208 2027 3320 2085 per

843 2112 1052 2192 ipsum
1101 2118 1391 2174 constare
1439 2133 1566 2174 non
1615 2113 1825 2192 potuit
1872 2112 1939 2172 in
1988 2113 2108 2174 hac
2155 2118 2353 2192 parte,
2396 2117 2461 2173 et
2516 2112 2906 2173 consuetudo
2956 2111 3157 2172 eciam
3212 2132 3316 2190 ap-

840 2219 1104 2299 probata
1159 2218 1635 2280 Procuratorem
1693 2220 1759 2279 in
1816 2220 2227 2280 correccionis
2275 2219 2533 2298 negocio
2592 2238 2722 2278 non
2780 2217 3075 2278 admittit.
3176 2219 3315 2292 Quo

839 2325 943 2386 die
1005 2324 1393 2397 adveniente,
1446 2325 1612 2386 idem
1671 2325 1711 2386 J
1713 2326 1997 2386 ohannes
2056 2344 2424 2404 comparens
2484 2323 2758 2403 porrexit
2808 2323 3123 2402 quoddam
3174 2344 3313 2403 pro-

837 2434 1223 2495 curatorium
1273 2434 1476 2512 prima
1526 2433 1684 2495 facie
1726 2435 1981 2496 nomine
2024 2434 2175 2494 dicti
2236 2433 2545 2504 monachi,
2592 2432 2795 2512 sigillo
2846 2437 3059 2492 tamen
3102 2432 3313 2509 incog-

838 2540 976 2600 nito
1035 2539 1394 2619 sigillatum,
1455 2540 1522 2598 in
1581 2559 1706 2620 quo
1768 2540 2101 2600 ratificavit
2161 2539 2337 2618 prius
2398 2538 2746 2617 expositam
2798 2538 3199 2608 caucionem;
3252 2545 3313 2597 et

837 2665 986 2706 cum
1049 2664 1236 2724 super
1294 2645 1497 2725 sigillo
1559 2645 1882 2724 probando
1945 2651 2141 2706 testes
2204 2665 2279 2706 ex
2341 2651 2519 2724 parte
2590 2644 2874 2724 ejusdem
2950 2644 3013 2722 [J
3014 2645 3306 2722 ohannis]

839 2749 1108 2812 fuissent
1162 2749 1470 2828 producti,
1517 2751 1594 2811 de
1650 2751 1872 2812 eodem
1920 2750 2123 2811 facere
2180 2770 2307 2811 non
2365 2749 2574 2829 potuit
2627 2749 2878 2829 plenam
2922 2749 3129 2810 fidem.
3230 2750 3313 2808 Et

837 2856 987 2937 quia
1034 2855 1364 2916 constabat
1415 2855 1596 2916 nobis
1643 2875 1756 2936 per
1803 2861 2114 2916 retroacta
2156 2855 2521 2916 caucionem
2567 2853 2761 2914 fuisse
2811 2854 2912 2914 die
2952 2854 3183 2914 ultimo
3226 2855 3311 2914 sic

835 2963 1154 3034 emissam,
1197 2968 1270 3023 ut
1312 2963 1436 3024 isto
1478 2963 1579 3023 die
1621 2962 1860 3023 factum
1903 2964 2000 3024 sui
2044 2962 2389 3024 defensoris
2433 2961 2855 3022 ratificaturus
2900 2962 3311 3040 personaliter

839 3074 1244 3148 compareret,
1276 3074 1463 3148 prout
1496 3068 1562 3129 in
1601 3070 1760 3130 actis
1795 3070 2101 3149 separatis
2147 3090 2267 3148 que
2310 3069 2475 3129 idem
2519 3069 2559 3129 J
2580 3067 2909 3147 [ohannes]
2956 3067 3307 3147 consignari

836 3174 1110 3255 petebat,
1162 3180 1226 3235 et
1275 3194 1397 3255 que
1445 3176 1814 3255 consignata
1862 3175 2057 3255 gratis
2107 3175 2379 3245 admisit,
2432 3179 2496 3235 et
2546 3174 2773 3253 quibus
2822 3194 3113 3253 expresse
3165 3194 3306 3235 con-

837 3280 1056 3352 sensit,
1126 3279 1358 3359 liquide
1434 3282 1808 3352 continetur,
1880 3301 2109 3359 penam
2184 3280 2492 3359 prefatam
2555 3279 3108 3360 pronunciavimus
3172 3298 3307 3340 esse

835 3385 1274 3457 commissam;
1333 3387 1730 3448 attendentes
1788 3386 1989 3448 eciam
2044 3386 2543 3465 procuratorium
2594 3404 2722 3444 non
2772 3405 2911 3446 esse
2952 3384 3303 3463 probatum,

839 3513 954 3553 nec
1002 3494 1517 3571 procuratorium,
1568 3494 1766 3555 eciam
1816 3494 1869 3555 si
1920 3494 1996 3554 de
2045 3494 2266 3555 eodem
2321 3492 2747 3572 procuratorio
2805 3492 3109 3571 legittime
3160 3512 3303 3552 con-

838 3597 1124 3669 stitisset,
1197 3598 1330 3660 fore
1399 3600 1464 3658 in
1534 3600 1643 3659 tali
1713 3600 1972 3678 negocio
2006 3599 2521 3682 admittendum,
2594 3603 2781 3677 prout
2852 3598 3139 3676 superius
3214 3604 3306 3658 est

835 3722 1220 3782 expressum,
1292 3704 1501 3782 ipsum
1570 3710 2007 3765 contumacem
2076 3709 2442 3783 reputantes
2514 3703 2592 3763 ab
2668 3702 2954 3781 ingressu
3024 3702 3305 3763 Ecclesia

837 3810 1282 3887 suspendimus
1323 3810 1575 3888 justicia
1623 3810 1907 3889 exigente
1926 3829 1941 3881 ;
2000 3810 2267 3871 citantes
2314 3809 2581 3870 eundem
2625 3807 3071 3869 nichilominus
3129 3808 3303 3887 legit·

844 3914 993 3974 time
1033 3915 1198 3994 quod
1232 3935 1442 3975 coram
1481 3914 1660 3976 nobis
1697 3915 1796 3975 die
1834 3916 2097 3994 juridico
2143 3916 2425 3994 proximo
2467 3919 2612 3992 post
2648 3913 2911 3973 Festum
2951 3913 3305 3992 Epiphanio

841 4019 1098 4080 Domini
1141 4027 1545 4101 compareret,
1590 4027 1708 4081 etc.
1812 4022 1899 4082 Et
1941 4042 2085 4082 cum
2128 4022 2234 4081 illo
2284 4021 2385 4081 die
2426 4019 2600 4081 nullo
2642 4020 2829 4080 modo
2872 4039 3081 4079 coram
3124 4020 3305 4079 nobis

839 4144 1199 4205 comparere
1258 4133 1520 4198 curaret,
1577 4127 1787 4207 ipsum
1848 4148 1923 4189 ex
1981 4128 2221 4188 duabus
2280 4125 2505 4197 causis,
2564 4145 2679 4205 pro
2726 4144 2801 4185 eo
2852 4125 3090 4186 scilicet
3138 4125 3305 4203 quod

842 4231 1048 4309 ipsum
1091 4230 1169 4291 ab
1211 4232 1496 4310 ingressu
1539 4232 1798 4294 ecclesie
1841 4233 2286 4312 suspendimus
2343 4237 2406 4292 et
2463 4250 2692 4309 penam
2749 4230 3304 4309 pronunciavimus

837 4356 980 4397 esse
1021 4337 1439 4409 commissam,
1482 4359 1594 4417 per
1635 4338 2007 4417 magistrum
2062 4338 2404 4398 Robertum
2453 4338 2530 4397 de
2572 4334 2945 4407 Rodewelle,
2990 4335 3301 4407 clericum,

836 4445 904 4500 et
959 4440 1399 4500 collateralem¹
1455 4448 1759 4512 nostrum,
1814 4442 1913 4502 cui
1970 4441 2089 4502 hoc
2146 4440 2497 4520 specialiter
2552 4439 3003 4509 commisimuS,
3061 4459 3301 4500 excom-

839 4545 1315 4617 municavimus,
1387 4546 1542 4605 illud
1611 4567 1726 4607 sua
1787 4548 2182 4608 contumacia
2251 4551 2642 4625 exposcente.
2749 4544 2904 4605 Post
2974 4544 3091 4605 hec
3161 4566 3304 4606 vero

839 4642 1157 4703 Henricus
1198 4643 1404 4704 dictus
1449 4643 1752 4722 Styward,
1787 4644 2167 4705 senescallus
2210 4644 2522 4723 prioratus
2567 4641 3030 4713 Leoministrie,
3068 4642 3301 4703 Willel-

839 4759 983 4799 mus
1031 4740 1108 4799 de
1163 4739 1223 4799 la
1273 4740 1483 4813 Hune,
1534 4741 1574 4801 J
1577 4742 1859 4802 ohannes
1916 4741 2195 4812 clericus,
2258 4740 2601 4801 servientes
2644 4738 2927 4817 ejusdem
2970 4739 3300 4817 prioratus,

837 4837 1008 4916 apud
1063 4837 1408 4917 Bosebury,
1465 4839 1566 4899 die
1623 4839 1850 4899 Martis
1904 4840 2187 4919 proxima
2232 4842 2376 4919 post
2434 4836 2696 4898 Festum
2752 4835 3113 4915 Epiphanio
3168 4856 3303 4915 pre·

1709 4956 2143 5004 l-collateralem,
2183 4968 2418 4998 assessor.
