3619 5868
87 3523 180 3566 1201.
203 3523 271 3566 eb.

1171 532 1473 612 Episcopi
1527 532 2011 611 Herefcrdensis.
2743 533 2820 593 15

349 758 612 818 modum
641 758 1032 830 faciendum;
1078 777 1265 837 super
1305 758 1532 838 quibus
1573 757 1865 818 omnibus
1894 765 1958 818 et
2000 757 2261 836 singulis
2305 776 2433 817 non
2474 756 2818 817 sufficimus

349 864 670 936 admirari,
741 884 877 936 nec,
935 865 989 925 si
1056 864 1338 942 juratum
1406 870 1574 925 esset
1644 864 1845 936 nobis,
1918 864 2169 925 credere
2241 882 2579 943 possumus
2650 861 2815 943 quod

347 968 714 1049 hujusmodi
743 970 1108 1049 gravamina
1135 970 1212 1030 de
1241 976 1450 1031 vestra
1477 970 1873 1031 consciencia
1894 978 2287 1031 emanarent.
2375 970 2505 1032 Vos
2533 970 2723 1048 igitur
2749 969 2816 1029 in

346 1094 540 1156 quem
557 1082 697 1136 tota
708 1080 927 1136 nostra
937 1075 1170 1137 fiducia
1181 1086 1278 1136 est
1300 1083 1362 1136 et
1383 1075 1522 1147 fuit,
1543 1076 1901 1137 deliberetis
1913 1086 1977 1135 et
1990 1074 2168 1135 ordin
2178 1075 2298 1136 etis
2312 1074 2365 1136 si
2377 1075 2605 1153 placet,
2626 1074 2813 1154 quod,

344 1181 661 1241 erroribus
690 1182 902 1242 saltim
931 1182 1095 1243 sicut
1122 1188 1420 1261 poterunt
1453 1184 1780 1253 revocatis,
1809 1201 2009 1262 usque
2039 1181 2122 1243 ad
2153 1189 2437 1242 nostrum
2470 1182 2816 1242 adventum

341 1288 412 1349 in
431 1288 604 1349 brevi
623 1288 1004 1360 Londonias,
1025 1290 1238 1349 omnia
1257 1294 1428 1349 stent
1446 1289 1511 1349 in
1528 1308 1705 1369 pace,
1725 1309 1915 1369 quam
1934 1308 2122 1368 super
2140 1290 2353 1349 omnia
2373 1295 2809 1367 preoptamus;

343 1392 438 1455 ita
464 1394 634 1474 quod
663 1399 870 1455 status
914 1400 1128 1455 noster
1165 1394 1440 1466 interim,
1485 1396 1540 1456 si
1581 1396 1804 1474 placet,
1852 1402 2255 1456 conservetur
2290 1395 2525 1466 illesus,
2570 1396 2815 1455 nullum

345 1500 764 1580 prejudicium
795 1501 976 1562 nobis
1004 1502 1138 1573 fiat,
1171 1508 1234 1561 et
1263 1502 1429 1581 quod
1451 1502 1738 1563 Ballivus
1767 1508 1981 1563 noster
2010 1502 2087 1563 de
2109 1503 2296 1563 rebus
2316 1501 2551 1561 nostris
2579 1501 2811 1561 ibidem

344 1606 433 1668 ad
500 1606 900 1667 commodum
968 1616 1258 1668 nostrum
1327 1608 1536 1669 valeat
1591 1608 1899 1679 ordinare,
1972 1620 2036 1669 et
2106 1609 2173 1668 in
2244 1618 2460 1668 nostro
2534 1607 2812 1668 adventu

342 1718 692 1774 tractemus
739 1713 1090 1775 adinvicem
1134 1714 1187 1774 si
1229 1714 1571 1786 volueritis,
1615 1715 1783 1795 quod
1826 1714 2099 1775 finaliter
2138 1714 2273 1774 fieri
2317 1714 2543 1773 debeat
2586 1734 2650 1773 m
2692 1714 2815 1773 hac

343 1824 544 1897 parte.
673 1819 819 1879 Non
874 1825 972 1879 est
1026 1820 1196 1879 enim
1265 1819 1494 1900 aliquis
1560 1820 2083 1900 Archiepiscopus
2152 1827 2263 1881 aut
2336 1820 2690 1899 Episcopus
2746 1820 2811 1880 in
2896 1877 2907 1895 „

347 1925 594 2003 Anglia,
626 1924 726 1986 vel
754 1925 915 1985 alius
941 1925 1008 1985 in
1033 1924 1173 2004 jure
1200 1925 1462 2005 peritae,
1496 1926 1616 1986 nisi
1645 1946 1720 1986 ex
1744 1944 1941 1987 causa
1958 1926 2324 1987 racionabili
2356 1925 2436 1986 sit
2460 1930 2809 2003 suspectus,

343 2032 449 2092 cui
491 2050 617 2091 non
660 2051 990 2110 possemus
1035 2032 1111 2111 (si
1153 2032 1526 2093 haberemus
1569 2033 1851 2111 necesse)
1888 2052 2238 2112 supponere
2274 2052 2390 2093 nos
2420 2032 2502 2093 ad
2533 2032 2813 2111 judican-

345 2138 498 2199 dum
528 2158 640 2217 per
666 2139 879 2199 omnia
906 2139 1208 2218 scriptum
1239 2146 1545 2200 nostrum.
1636 2139 1702 2200 Si
1737 2158 1884 2200 vero
1924 2159 2037 2219 pro
2080 2140 2292 2221 aliquo
2335 2148 2556 2218 rogatu
2600 2144 2815 2199 nostro

344 2243 500 2304 dicti
557 2263 798 2305 errores
854 2264 981 2304 non
1035 2243 1269 2305 fuerint
1323 2244 1623 2316 revocati,
1668 2245 1906 2305 moveri
1950 2264 2075 2305 non
2119 2245 2382 2315 debetis,
2443 2264 2557 2304 nec
2614 2244 2815 2305 eciam
2894 2253 2903 2260 '

345 2348 668 2420 admirari,
689 2349 743 2409 si
757 2349 861 2429 jus
885 2356 1171 2410 nostrum
1194 2369 1650 2430 prosequamur
1670 2351 1736 2410 in
1753 2350 1957 2411 forma
1975 2369 2101 2429 qua
2121 2350 2461 2411 viderimus
2482 2350 2773 2429 expedire
2793 2368 2810 2423 ;

345 2454 516 2534 quod
562 2462 797 2525 tamen,
843 2461 914 2515 ut
943 2455 1179 2526 sciatis,
1225 2464 1448 2517 contra
1488 2476 1600 2517 vos
1644 2458 1915 2517 maxime
1958 2456 2263 2519 faciemus
2304 2458 2505 2517 inviti.
2591 2458 2816 2520 Valete

347 2579 464 2639 per
491 2566 780 2641 tempora
809 2560 1125 2623 diuturna.

348 2818 516 2897 Sept.
562 2818 1156 2879 26.—Instructions
1201 2825 1258 2878 to
1304 2818 1556 2879 bankers
1603 2818 1673 2897 of
1706 2818 1917 2879 Lucca
1961 2827 2019 2880 to
2064 2821 2330 2899 transfer
2368 2820 2714 2880 documenta·
2760 2826 2819 2880 to

597 2900 694 2960 the
750 2898 1036 2978 Bishop's
1081 2900 1364 2960 Proctors
1410 2900 1536 2960 and
1583 2907 1640 2961 to
1689 2900 1831 2960 hold
1876 2899 1948 2962 in
1985 2921 2213 2962 ‘reserva
2268 2922 2443 2962 seven
2495 2901 2700 2962 marks
2760 2907 2819 2962 to

599 2982 665 3041 be
691 2981 840 3041 used
869 3003 937 3041 as
971 2981 1040 3041 hc
1066 3002 1208 3060 may
1238 2982 1449 3042 direct.

517 3127 1039 3187 Msscuosmus
1083 3125 1761 3186 Lemma—Thomas
1803 3126 1883 3186 de
1927 3126 2284 3205 Cantilup0,
2339 3136 2483 3196 etc„
2529 3127 2821 3186 Bandino

349 3241 416 3294 et
447 3234 635 3294 sociis
659 3232 810 3304 suis,
837 3233 1290 3294 mercatoribus
1315 3232 1612 3304 Lucanis,
1636 3232 1700 3292 in
1733 3232 1925 3293 Curia
1954 3233 2239 3293 Romana
2260 3234 2817 3324 commoranti-bus,

355 3337 650 3409 salutem,
683 3343 800 3398 etc.
889 3338 1326 3399 Intelleximus
1367 3339 1535 3418 quod
1576 3338 1905 3398 «Iohannes
1946 3338 2023 3399 de
2054 3337 2255 3410 Clare,
2290 3339 2554 3399 clericus
2584 3345 2815 3412 noster,

353 3447 418 3502 et
449 3441 748 3520 magister
775 3441 1027 3502 Bardus
1055 3441 1133 3502 de
1162 3441 1360 3502 Podio
1387 3441 1652 3513 Bonisii,
1685 3448 1839 3502 tunc
1866 3443 2243 3502 Procurator
2271 3451 2487 3502 noster
2512 3443 2577 3502 in
2608 3444 2817 3516 Curia,

352 3548 422 3608 in
463 3569 716 3610 recessu
759 3549 836 3610 de
880 3549 1236 3628 Lugduno,¹
1276 3569 1638 3628 processum
1683 3548 2014 3627 cujusdam
2058 3568 2245 3609 cause
2289 3569 2479 3628 quarn
2520 3549 2585 3609 in
2631 3551 2821 3612 Curia

355 3656 696 3716 habuimus
741 3656 917 3717 vobis
967 3656 1378 3726 tradiderunt,
1436 3655 1917 3716 custodiendum
1967 3664 2031 3716 et
2088 3657 2545 3717 restituendum
2604 3665 2819 3719 nostro

355 3762 759 3822 Procuratori
827 3762 1106 3841 legitimo
1168 3762 1251 3823 ad
1316 3763 1572 3824 Curiam
1641 3762 1936 3824 venienti.
2066 3762 2201 3823 Nos
2271 3765 2458 3840 igitur
2518 3765 2817 3824 dilectum

354 3877 646 3929 nostrum
703 3867 1071 3947 magistrum
1129 3868 1541 3928 Edmundum
1597 3869 1674 3928 de
1731 3869 2086 3930 Warefelde
2130 3870 2479 3949 legitimum
2530 3876 2817 3931 nostrum

354 3974 836 4035 Procuratorem
877 3974 960 4034 ad
1001 3975 1256 4036 Curiam
1300 3975 1712 4046 destinantes,
1758 3994 1871 4036 vos
1912 3994 2205 4054 rogamus
2248 3983 2489 4036 attente
2518 3976 2818 4056 quatinus

355 4081 596 4142 dictum
626 4101 989 4160 processum
1021 4081 1268 4159 prefato
1305 4081 1668 4153 EdmundO,
1709 4101 1853 4142 cum
1888 4081 1969 4142 ad
2004 4101 2115 4143 vos
2152 4083 2394 4143 venerit
2429 4102 2540 4161 pro
2573 4084 2815 4155 eodem,

355 4187 656 4248 liberetis.
743 4187 836 4248 Ad
882 4188 997 4247 hec
1039 4186 1121 4266 vij
1167 4207 1415 4248 marcas
1459 4188 1921 4266 sterlingorum,
1964 4207 2121 4268 quas
2163 4208 2240 4248 ex
2280 4189 2622 4250 tradicione
2664 4189 2819 4249 dicti

353 4294 670 4355 Johannis
704 4295 782 4355 de
817 4294 1000 4356 Clare
1037 4313 1229 4373 penes
1272 4315 1385 4356 vos
1424 4295 1696 4366 habetis,
1737 4296 1905 4354 unde
1952 4299 2226 4356 vestram
2271 4295 2545 4356 litteram
2575 4296 2815 4376 optine-

356 4421 520 4473 mus,
566 4403 632 4462 in
673 4401 962 4481 deposito
1003 4401 1277 4462 teneatis
1319 4420 1645 4482 quousque
1694 4421 1802 4462 eas
1847 4401 1927 4461 ad
1970 4400 2178 4481 aliqua
2220 4403 2479 4480 negocia
2520 4403 2585 4462 in
2630 4402 2820 4464 Curia

356 4509 909 4589 assignaverimus,
967 4516 1030 4568 et
1085 4507 1164 4568 de
1220 4507 1582 4586 hujusmodi
1637 4507 2066 4585 assignacione
2108 4526 2219 4585 per
2274 4514 2520 4568 nostras
2576 4508 2817 4569 litteras

357 4616 536 4678 vobis
577 4621 848 4676 constet.
947 4613 1192 4675 Valete.
1282 4614 1520 4674 Datum
1566 4613 1986 4690 Shyreburne,
2032 4613 2092 4692 vj
2143 4613 2464 4674 Kalendas
2504 4615 2814 4688 Octobris,

357 4741 526 4783 anno
572 4721 828 4782 Domini
871 4719 1332 4782 M⁰GG0LXX0
1374 4721 1614 4802 quinto.

1105 4971 1314 5014 l-After
1331 4973 1414 5013 the
1434 4971 1616 5014 Second
1634 4972 1827 5014 Council
1845 4971 1895 5014 of
1916 4973 2085 5020 Lyons.
