3619 5868
801 481 886 542 90
1257 574 1261 578 .
1466 481 1823 561 Roqistrwm
1880 482 2099 544 Thomo
2152 482 2227 544 de
2282 481 2615 562 Cantibupo

801 706 1038 767 dictam
1127 711 1360 768 terram
1450 727 1594 768 cum
1683 706 1974 768 omnibus
2062 705 2467 786 pertinenciis
2564 705 2821 777 salvare,
2912 703 3269 776 defendere,

805 819 1230 886 manutenere,
1281 819 1344 876 et
1403 815 1809 876 warentizare
1868 819 2087 874 contra
2144 833 2383 883 omnes,
2432 832 2633 892 usque
2696 813 2777 872 ad
2837 811 3077 872 dictum
3138 817 3265 871 ter·

803 920 1064 980 minum.
1165 920 1289 980 Pro
1335 919 1456 980 hac
1503 925 1717 980 autem
1765 919 2107 980 tradicione
2156 925 2222 980 et
2270 919 2653 999 obligacione
2696 919 3009 978 mutuavit
3058 918 3265 978 eidem

805 1023 1074 1084 Radulfo
1129 1024 1334 1085 dictus
1389 1024 1702 1085 Dominus
1759 1024 2113 1104 Episcopus
2183 1022 2595 1104 quadraginta
2662 1023 2897 1084 solidos
2960 1021 3271 1082 bonorum

802 1135 869 1190 et
927 1129 1219 1209 legalium
1274 1130 1715 1210 sterlingorum
1777 1150 1890 1210 pre
1952 1129 2280 1200 manibus:
2344 1149 2503 1209 quos
2558 1129 2971 1209 quadraginta
3033 1129 3269 1190 solidos

803 1237 1010 1297 dictus
1079 1236 1385 1298 Radulfus
1455 1237 1552 1298 vel
1621 1237 1883 1298 heredes
1953 1236 2051 1296 sui
2134 1236 2363 1297 debent
2446 1235 2685 1296 solvere
2754 1235 2853 1296 vel
2934 1235 3269 1296 restituens

803 1343 972 1403 dicto
1023 1343 1296 1402 Domino
1339 1343 1672 1422 Episcopo,
1703 1342 1800 1403 vel
1844 1342 2179 1422 assignatis
2221 1341 2371 1412 suis,
2406 1341 2473 1401 in
2514 1341 2641 1402 fine
2682 1341 2935 1402 termini
2978 1341 3268 1420 superius

805 1449 1130 1520 nominati,
1194 1449 1292 1510 vel
1362 1455 1508 1510 ante
1576 1449 1927 1528 predictum
1998 1449 2337 1509 terminum
2408 1448 2463 1509 si
2532 1449 2737 1508 dictus
2806 1447 3117 1508 Radulfus
3184 1447 3271 1508 sit

801 1561 1030 1634 potens
1098 1555 1176 1616 de
1245 1556 1656 1636 quadraginta
1725 1555 1941 1617 solidis
2010 1555 2130 1616 sibi
2200 1555 2532 1616 solvendis.
2646 1555 2732 1614 Et
2814 1555 2972 1616 bene
3056 1554 3268 1615 licebit

804 1662 972 1722 dicto
1021 1661 1308 1733 Radulfo,
1353 1661 1450 1723 vel
1499 1663 1833 1724 heredibus
1882 1664 2032 1734 suis,
2083 1662 2403 1723 solucione
2458 1661 2868 1742 quadraginta
2924 1660 3269 1722 solidorum

801 1767 987 1839 facta,
1038 1769 1272 1828 intrare
1332 1769 1398 1828 in
1455 1773 1623 1830 terra
1681 1789 1796 1830 sua
1854 1769 1990 1830 sine
2052 1768 2259 1848 aliquo
2324 1768 2792 1848 impedimentO,
2844 1766 3037 1828 salvis
3100 1767 3267 1827 dicto

805 1873 1140 1952 Episcop0,
1211 1878 1276 1934 ct
1343 1873 1676 1935 heredibus
1745 1873 1843 1934 vel
1913 1873 2248 1953 assignatis
2320 1873 2471 1944 suis,
2536 1872 2841 1934 fructibus
2910 1873 3044 1932 suis
3114 1879 3265 1933 tunc

801 1980 1194 2040 exstantibus
1250 1981 1316 2040 in
1373 1987 1538 2041 terra
1591 1981 1889 2060 predicta,
1934 1987 1997 2041 et
2053 1981 2192 2041 aliis
2248 1980 2551 2060 impensis
2606 1999 2761 2060 quas
2820 1979 3041 2040 fecerit
3104 1979 3266 2039 circs

805 2085 1306 2146 melioracionem
1349 2087 1631 2165 ejusdem
1671 2093 1853 2148 terre.
1952 2086 2016 2148 Si
2059 2107 2205 2148 vero
2247 2087 2453 2147 dictus
2482 2085 2808 2146 ,Radulfus
2851 2085 2948 2146 vel
3006 2086 3266 2146 heredes

801 2192 902 2252 sui
960 2190 1122 2251 infra
1176 2193 1514 2252 terminum
1573 2193 2003 2272 supradictum
2061 2193 2292 2253 dictam
2356 2193 2740 2253 solucionem
2802 2212 2929 2253 non
2985 2190 3262 2262 fecerint,

803 2297 1042 2358 tenebit
1084 2298 1290 2358 dictus
1331 2298 1645 2359 Dominus
1689 2299 2061 2378 Episcopus,
2103 2298 2201 2359 vel
2245 2297 2545 2376 assignati
2594 2298 2711 2368 sui,
2754 2297 2989 2358 dictam
3032 2303 3259 2358 terram

803 2423 948 2463 cum
1003 2404 1296 2465 omnibus
1349 2405 1754 2484 pertinenciis
1812 2406 1942 2466 suis
1999 2405 2075 2466 de
2124 2423 2291 2466 anno
2338 2405 2405 2464 in
2464 2424 2719 2475 annum,
2762 2424 3089 2484 quousque
3146 2402 3259 2464 sibi

799 2508 904 2579 sit,
948 2509 1046 2569 vel
1089 2509 1424 2588 assignatis
1473 2509 1621 2580 suis,
1666 2510 1743 2571 de
1791 2511 2203 2590 quadraginta
2258 2510 2472 2570 solidis
2520 2509 2797 2590 plenarie
2847 2509 3257 2580 satisfactum,

797 2620 867 2676 et
908 2614 986 2675 de
1027 2615 1332 2676 fructibus
1373 2620 1437 2676 et
1479 2616 1768 2696 expensis
1809 2617 1960 2687 suis,
1990 2622 2062 2677 ut
2104 2616 2455 2696 predictum
2496 2623 2611 2678 est.
2698 2615 3006 2677 Allocabit
3048 2622 3259 2676 autem

801 2721 1008 2781 dictus
1077 2722 1389 2782 Dominus
1459 2723 1831 2801 Episcopus,
1888 2722 1986 2783 vel
2050 2722 2349 2802 assignati
2418 2722 2535 2794 sui,
2592 2722 2761 2783 dicto
2816 2721 3107 2793 Radulfo,
3164 2722 3257 2783 vel

801 2826 1134 2888 heredibus
1190 2827 1340 2900 suis,
1383 2828 1660 2908 quolibet
1716 2849 1883 2890 anno
1939 2829 2088 2888 dum
2144 2833 2311 2889 terra
2364 2827 2552 2888 fuerit
2607 2828 2673 2888 in
2730 2847 2921 2887 manu
2980 2828 3253 2898 Domini,

803 2932 1060 3012 triginta
1115 2932 1272 2994 duos
1327 2933 1560 2995 solidos
1616 2933 2075 3013 sterlingorum,
2132 2933 2210 2995 de
2278 2933 2503 3015 quibus
2558 2933 2727 2995 dicta
2782 2940 2947 2994 terra
3003 2940 3259 2995 onerata

795 3044 897 3098 est
939 3038 1004 3098 in
1045 3038 1292 3099 redditu
1333 3038 1543 3100 debito
1583 3039 1752 3100 dicto
1799 3040 2073 3101 Domino
2122 3040 2439 3120 Episcopo
2488 3040 2568 3100 ad
2616 3046 2887 3119 quatuor
2934 3042 3087 3100 anni
3138 3046 3252 3101 ter·

801 3144 1006 3204 minos
1047 3144 1314 3205 usuales.
1411 3146 1654 3206 Reddet
1694 3165 1843 3206 vero
1891 3147 2096 3207 dictus
2145 3146 2457 3207 Dominus
2500 3146 2870 3225 Episcopus,
2916 3146 3015 3207 vel
3072 3147 3255 3226 assig-

801 3249 933 3308 nati
975 3248 1090 3321 sui,
1135 3249 1302 3310 dicto
1343 3250 1631 3322 Radulfo,
1674 3250 1772 3311 vel
1822 3250 2155 3312 heredibus
2203 3251 2351 3323 suis,
2396 3252 2553 3311 duos
2603 3250 2835 3311 solidos
2883 3256 2947 3311 et
2990 3258 3255 3330 quatuor

797 3354 1086 3415 denarios
1143 3356 1468 3415 annuatim
1525 3376 1646 3436 que
1701 3358 2009 3417 excedunt
2064 3358 2403 3417 cxtentam¹
2464 3356 2628 3417 dicte
2684 3362 2847 3417 terre
2902 3355 3069 3416 ultra
3124 3356 3253 3417 red—

801 3459 1004 3520 ditum
1059 3460 1340 3520 debitum
1407 3466 1472 3522 et
1527 3468 1918 3522 consuetum.
2024 3462 2120 3521 Ad
2188 3462 2304 3523 hec
2358 3482 2505 3523 vero
2566 3461 2777 3523 omnia
2833 3462 3144 3541 premissa
3196 3468 3257 3523 et

797 3566 1046 3645 singula
1085 3566 1351 3627 fideliter
1392 3566 1719 3629 observare
1760 3574 1825 3629 et
1867 3568 1933 3627 in
1982 3568 2155 3629 nullo
2204 3568 2636 3630 contravenire
2683 3568 2891 3628 dictus
2945 3568 3255 3629 Dominus

801 3672 1156 3751 Episcopus
1210 3679 1274 3733 et
1323 3672 1630 3734 Radulfus
1685 3673 1832 3734 huic
1888 3674 2122 3752 scripto
2178 3674 2379 3754 sigilla
2440 3694 2571 3744 sua,
2631 3673 2711 3733 ad
2770 3673 3029 3733 modum
3088 3692 3255 3752 cyro-

797 3776 1020 3857 graphi
1075 3777 1260 3849 facto‚
1311 3785 1736 3857 apposuerunt
1792 3778 1859 3838 in
1915 3778 2348 3839 testimonium
2404 3778 2722 3849 veritatis3
2792 3778 2917 3839 hiis
2972 3778 3252 3849 testibus,

801 3882 1118 3943 Willelmo
1177 3882 1454 3963 Symond
1509 3884 1588 3945 de
1643 3883 2039 3963 Prestebury,
2083 3884 2377 3964 Philippo
2430 3884 2543 3945 des
2592 3884 2887 3953 Yvetens,
2944 3882 3255 3944 Willelmo

801 3990 861 4051 le
917 3990 1091 4051 Hore
1145 3991 1222 4051 de
1286 3991 1624 4063 Chiltham,
1685 3992 1957 4071 Hugone
2012 3992 2253 4063 clerico,
2310 3992 2350 4052 J
2352 3992 2602 4053 ohanne
2660 3990 2930 4061 Andreu,
2992 3989 3255 4049 Radulfo

801 4096 1178 4175 Fraunceys‚
1221 4096 1262 4157 J
1263 4097 1511 4158 ohanne
1569 4098 1869 4169 Saumun,
1913 4097 2253 4177 capellan0‚
2298 4096 2579 4158 Galfrido
2632 4096 2832 4174 Davy,
2878 4102 2943 4157 et
2994 4094 3253 4156 Girardo

799 4208 956 4263 tunc
995 4202 1223 4264 ballivo
1264 4204 1341 4264 dc
1382 4202 1742 4283 Prestbury‚
1789 4210 1855 4265 et
1897 4203 2113 4265 multis
2154 4204 2311 4265 aliis.

1741 4340 1869 4381 l—In
1898 4341 1999 4383 MS.
2026 4342 2318 4381 exsecutam.
