3619 5868
756 403 875 463 294
1418 404 1773 483 Raeqistrum
1831 405 2050 467 Thomo
2105 405 2178 467 de
2237 404 2568 485 Cantibupo

754 632 820 687 et
879 626 1260 689 cancellarie
1317 649 1430 690 sue
1486 629 1763 707 predicte
1821 630 1899 689 ad
1957 634 2156 689 totam
2212 630 2408 691 vitam
2467 630 2661 710 ipsius
2716 629 3016 692 Emericii
3073 650 3240 691 con-

755 732 1014 794 ferimus
1055 734 1119 793 in
1163 753 1385 813 puram
1428 733 1869 805 elemosinam;
1911 734 2002 795 ita
2041 741 2256 797 tamen
2297 737 2464 815 quod
2501 735 2860 814 hujusmodi
2893 736 3244 797 concessio

756 859 869 900 seu
918 840 1179 901 donacio
1233 846 1465 912 nostra,
1508 846 1844 920 postquam
1899 840 2180 920 prefatus
2235 841 2585 902 Emericius
2639 842 2902 902 eandem
2959 841 3238 902 Cancel-

757 945 974 1005 lariam
1018 945 1342 1019 dimiserit,
1386 946 1629 1006 nullum
1677 947 1866 1007 robur
1905 948 2188 1027 optineat
2228 947 2562 1019 firmitatis,
2607 952 2704 1008 set
2745 952 2975 1008 extunc
3015 947 3240 1026 ipsius

756 1051 1016 1114 ecclesie
1064 1056 1434 1132 patronatus
1484 1073 1595 1114 seu
1644 1053 1977 1114 advocacio
2025 1054 2104 1113 ad
2153 1073 2287 1124 nos,
2337 1058 2402 1114 et
2449 1053 2709 1115 heredes
2756 1058 3026 1122 nostros,
3077 1058 3234 1112 tan-

756 1178 944 1236 quam
1004 1159 1087 1218 ad·
1144 1178 1361 1219 verum
1419 1158 1617 1237 ipsius
1678 1162 2034 1238 patronum,
2098 1159 2234 1219 sine
2295 1158 2466 1219 omni
2527 1158 2902 1237 calumpnia,
2951 1158 3234 1236 impedi-

758 1270 991 1335 mento,
1052 1268 1161 1324 aut
1219 1265 1717 1325 contradiccione
1774 1264 1970 1325 futuri
2033 1264 2399 1326 Cancellarii
2457 1264 2556 1325 vel
2615 1264 2878 1344 alicujus
2935 1265 3234 1335 alterius,

758 1390 912 1449 pure
960 1375 1025 1431 et
1073 1370 1355 1431 absolute
1404 1376 1768 1442 revertatur,
1813 1376 1877 1432 et
1925 1370 2106 1431 nobis
2154 1374 2219 1432 et
2257 1370 2588 1431 heredibus
2634 1370 2868 1431 nostris
2911 1370 2989 1430 ad
3037 1390 3234 1449 sepe-

756 1476 991 1536 dictam
1032 1475 1377 1547 ecclesiam,
1421 1484 1723 1555 tanquam
1772 1476 1850 1535 ad
1892 1481 2174 1536 nostram
2215 1474 2754 1555 presentacionem
2801 1480 3234 1555 spectantem,

758 1581 1198 1661 inperpetuum
1256 1582 1445 1643 libere
1504 1582 1688 1642 liceat
1744 1586 2124 1661 presentare.
2225 1580 2305 1639 In
2363 1580 2543 1659 cujus
2597 1580 2705 1652 rei,
2755 1585 2874 1641 etc.
2972 1582 3232 1640 Datum

755 1687 921 1765 apud
963 1686 1343 1766 Penebruge,
1388 1687 1488 1748 die
1528 1687 1791 1749 Veneris
1846 1687 2129 1767 proximo
2176 1691 2321 1766 post
2377 1686 2638 1747 Festum
2694 1686 2878 1747 Beati
2929 1686 3098 1747 Petri
3155 1686 3232 1745 in

754 1791 1085 1864 Cathedra,
1130 1813 1294 1853 anno
1337 1792 1593 1853 Domini
1636 1791 2134 1854 M⁰OG⁰LXXX⁰
2173 1792 2393 1871 primo.

756 2084 919 2144 Mar.
970 2083 1551 2161 7.—Gonfimation
1590 2084 1659 2162 of
1696 2082 1793 2143 the
1833 2090 2014 2161 arant
2055 2084 2125 2163 of
2158 2082 2514 2161 Pembridqe
2555 2082 2682 2143 and
2725 2082 2806 2143 its
2851 2082 3230 2162 appropria-

1003 2164 1133 2225 tion
1175 2171 1233 2225 to
1278 2164 1375 2225 the
1420 2164 1794 2225 Chaucellor.

916 2338 1089 2397 Imm
1137 2336 1940 2407 Panssuen.—Thomas,
1983 2342 2121 2407 etc„
2169 2335 2422 2397 domino
2477 2336 2532 2395 E
2556 2336 2830 2415 [merico]
2889 2337 2967 2397 de
3033 2335 3230 2417 Aqua

753 2444 1016 2515 Blanka,
1061 2443 1445 2505 Cancellario
1488 2443 1553 2501 in
1602 2443 1820 2504 eadem
1867 2442 2174 2523 (Ecclesia
2219 2441 2712 2522 Herefordensi),
2755 2442 3040 2513 salutem,
3093 2447 3224 2503 etc.

754 2552 1008 2610 Morum
1051 2554 1114 2611 et
1156 2550 1423 2611 sciencie
1464 2549 1922 2629 prerogativam
1965 2568 2037 2609 ac
2077 2548 2206 2609 vite
2247 2548 2644 2609 honestatem
2685 2547 2912 2627 quibus
2953 2546 3222 2627 insigni-

754 2657 927 2728 mini,
998 2676 1071 2717 ac
1140 2656 1304 2717 dicte
1375 2656 1697 2736 dignitatis
1765 2660 1972 2715 vestre
2048 2652 2408 2725 exilitatem,
2479 2653 2659 2733 cujus
2734 2653 3064 2713 facultates
3135 2654 3224 2713 ad

754 2762 1236 2824 elemosinarum
1280 2762 1680 2842 largicionem
1730 2766 1793 2822 et
1841 2760 2355 2840 hospitalitatem,
2399 2779 2520 2839 que
2562 2780 2600 2819 a
2640 2758 2820 2819 nobis
2862 2758 3218 2838 exiguntur,

754 2889 881 2929 non
932 2874 1277 2950 suppetunt
1324 2874 1397 2929 ut
1451 2868 1715 2940 deceret,
1760 2867 1966 2928 debite
2013 2866 2471 2946 ponderantes;
2535 2872 2607 2925 ut
2653 2865 2776 2925 hiis
2827 2864 3224 2925 sustinendis

754 2975 1036 3037 sufficere
1084 2975 1331 3055 plenius
1368 2973 1647 3044 valeatis,
1690 2973 2017 3034 ecclesiam
2067 2972 2144 3033 de
2192 2971 2612 3051 Penebrugge,
2663 2975 2876 3031 nostre
2925 2969 3216 3040 diocesis,

754 3081 935 3159 cujus
974 3080 1076 3159 jus
1117 3085 1487 3159 patronatus
1528 3098 1604 3138 ex
1644 3078 1809 3138 dono
1851 3077 2077 3137 nobilis
2119 3074 2254 3146 viri,
2297 3075 2535 3135 domini
2577 3074 2802 3154 Rogeri
2843 3074 2920 3134 de
2955 3074 3221 3135 Mortuo

692 3167 695 3172 ¹
756 3187 937 3257 Mari,
980 3184 1313 3246 noscimini
1364 3184 1663 3264 optinere,
1706 3184 1783 3244 de
1832 3183 2113 3262 ejusdem
2155 3181 2380 3242 nobilis
2424 3181 2746 3241 voluntate
2787 3185 2850 3241 et
2898 3199 3218 3240 consensu

752 3293 1061 3372 expressis
1105 3291 1484 3353 Cancellarie
1518 3295 1722 3350 vestre
1764 3295 1828 3350 et
1861 3289 2056 3360 vobis,
2087 3288 2238 3348 dum
2271 3287 2565 3357 vixeritis,
2596 3286 2966 3346 auctoritate
3003 3285 3217 3364 ponti-

752 3399 915 3460 ficali
972 3397 1349 3460 conferimus
1403 3403 1469 3458 et
1524 3395 1998 3475 appropriamus
2054 3394 2288 3454 intuitu
2343 3392 2639 3454 caritatis.
2741 3392 2821 3451 In
2877 3391 3056 3471 cujus
3097 3391 3214 3462 rei,

751 3513 869 3567 etc.
964 3506 1201 3565 Datum
1250 3503 1609 3573 Londonii8‚
1661 3501 1864 3562 Nonis
1912 3500 2153 3572 Marcii,
2197 3520 2362 3560 anno
2411 3498 2668 3559 Domini
2715 3497 3221 3558 M⁰GG0LXXX⁰

752 3613 954 3692 primo
994 3617 1059 3673 et
1101 3617 1314 3672 nostre
1356 3608 1865 3672 Consecracionis
1907 3607 2194 3687 septimo.

755 3893 906 3971 July
948 3890 1470 3968 10.—-Disohar90
1496 3890 1566 3970 of
1602 3887 1698 3949 the
1726 3894 2007 3948 accounts
2037 3887 2107 3967 of
2141 3885 2308 3946 John
2345 3883 2418 3945 de
2448 3883 2763 3960 Bitterley,
2795 3882 2891 3943 the
2918 3881 3213 3960 Bishop’s

996 3973 1249 4033 Proctor
1297 3971 1367 4030 in
1427 3970 1523 4030 the
1568 3970 1755 4030 Court
1799 3969 1869 4047 of
1901 3968 2107 4038 Rome,
2152 3987 2221 4027 as
2263 3965 2518 4027 audited
2562 3965 2636 4042 by
2680 3962 2847 4024 John
2885 3963 2958 4022 dc
3003 3962 3207 4034 Clare,

995 4053 1267 4130 showinq
1325 4072 1366 4112 a
1408 4051 1655 4111 balance
1696 4051 1764 4130 of
1817 4049 1978 4109 three
2017 4047 2223 4108 marks
2267 4053 2370 4108 out
2412 4046 2483 4126 of
2514 4048 2694 4107 26106
2733 4048 2862 4104 133.
2905 4043 3004 4103 4d.
3047 4063 3208 4103 com-

992 4134 1208 4194 mitted
1252 4140 1308 4194 to
1353 4132 1450 4193 his
1490 4132 1723 4209 charqe.

914 4303 1017 4362 Da·
1072 4318 1473 4362 nanmcmns
1530 4315 1811 4359 comaron
1867 4315 2174 4358 mame-rm
2228 4297 2269 4358 J
2281 4296 2608 4378 [omi-uus]
2671 4311 2756 4353 ns
2800 4294 3211 4352 Burmannus

752 4427 838 4468 ns
883 4426 1163 4469 pneuma
1208 4425 1337 4468 sun
1378 4403 2110 4465 mensum—Omnibus
2154 4402 2387 4463 Christi
2429 4400 2732 4470 fidelibus,
2764 4404 2901 4470 etc„
2937 4397 3212 4459 salutem

751 4517 817 4576 in
860 4514 1153 4576 Domino.
1248 4512 1409 4573 Cum
1450 4531 1566 4571 nos
1608 4509 1820 4581 semel,
1863 4509 2030 4588 apud
2072 4509 2340 4569 Pontem
2395 4506 2517 4584 [de]
2574 4504 2970 4565 Charentone
3012 4522 3210 4582 prope

750 4620 1046 4691 Parisius,
1107 4620 1321 4679 decem
1390 4636 1631 4677 marcas
1701 4615 2138 4694 sterlingorum
2207 4632 2320 4692 pro
2381 4610 2780 4690 expedicione
2847 4613 3210 4669 nostrorum

751 4727 1149 4808 negociorum
1205 4725 1269 4784 in
1328 4723 1514 4785 Ouria
1568 4722 1870 4791 Romana,
1921 4725 1986 4781 et
2041 4719 2162 4780 alia
2208 4719 2343 4780 vice
2385 4722 2640 4778 centum
2687 4715 2876 4775 libras
2917 4713 3176 4792 sterling

750 4853 949 4906 orum,
992 4852 1103 4912 per
1156 4849 1383 4890 manus
1430 4833 1847 4889 mercatorum
1888 4824 2386 4893 Pistoriensium,
2435 4818 2830 4882 Procuratori
2879 4822 3094 4878 nostro
3135 4817 3204 4876 in
