<?xml version="1.0" encoding="UTF-8"?>
<!DOCTYPE html PUBLIC "-//W3C//DTD XHTML 1.0 Transitional//EN"
    "http://www.w3.org/TR/xhtml1/DTD/xhtml1-transitional.dtd">
<html xmlns="http://www.w3.org/1999/xhtml" xml:lang="en" lang="en">
 <head>
  <title>
</title>
<meta http-equiv="Content-Type" content="text/html;charset=utf-8" />
  <meta name='ocr-system' content='tesseract 3.04.00' />
  <meta name='ocr-capabilities' content='ocr_page ocr_carea ocr_par ocr_line ocrx_word'/>
</head>
<body>
  <div class='ocr_page' id='page_1' title='image "./canterburyandyo01socigoog_0355.png"; bbox 0 0 3619 5868; ppageno 0'>
   <div class='ocr_carea' id='block_1_1' title="bbox 1190 519 2840 601">
    <p class='ocr_par' dir='ltr' id='par_1_1' title="bbox 1190 519 2840 601">
     <span class='ocr_line' id='line_1_1' title="bbox 1190 519 2840 601; baseline 0.002 -20"><span class='ocrx_word' id='word_1_1' title='bbox 1190 519 1492 601; x_wconf 70' lang='lat' dir='ltr'><strong>Episcopi</strong></span> <span class='ocrx_word' id='word_1_2' title='bbox 1544 521 2027 601; x_wconf 77' lang='lat' dir='ltr'><strong>Heresordensis.</strong></span> <span class='ocrx_word' id='word_1_3' title='bbox 2719 526 2840 586; x_wconf 83' lang='lat'><strong>259</strong></span> 
     </span>
    </p>
   </div>
   <div class='ocr_carea' id='block_1_2' title="bbox 372 745 2841 1564">
    <p class='ocr_par' dir='ltr' id='par_1_2' title="bbox 372 745 2841 1564">
     <span class='ocr_line' id='line_1_2' title="bbox 379 745 2841 828; baseline 0.001 -24"><span class='ocrx_word' id='word_1_4' title='bbox 379 745 691 805; x_wconf 86' lang='lat' dir='ltr'>Dominus</span> <span class='ocrx_word' id='word_1_5' title='bbox 735 745 984 824; x_wconf 91' lang='lat' dir='ltr'><strong>scripsit</strong></span> <span class='ocrx_word' id='word_1_6' title='bbox 1019 745 1294 807; x_wconf 91' lang='lat' dir='ltr'><strong>Domino</strong></span> <span class='ocrx_word' id='word_1_7' title='bbox 1339 745 1778 807; x_wconf 72' lang='lat' dir='ltr'><strong>cantuariensi</strong></span> <span class='ocrx_word' id='word_1_8' title='bbox 1818 746 2301 826; x_wconf 87' lang='lat' dir='ltr'><strong>Archiepiscopo</strong></span> <span class='ocrx_word' id='word_1_9' title='bbox 2350 747 2640 828; x_wconf 89' lang='lat' dir='ltr'><strong>quedam,</strong></span> <span class='ocrx_word' id='word_1_10' title='bbox 2677 749 2841 810; x_wconf 89' lang='lat' dir='ltr'><strong>inter</strong></span> 
     </span>
     <span class='ocr_line' id='line_1_3' title="bbox 376 849 2834 932; baseline 0.002 -22"><span class='ocrx_word' id='word_1_11' title='bbox 376 869 498 930; x_wconf 86' lang='lat' dir='ltr'><strong>que</strong></span> <span class='ocrx_word' id='word_1_12' title='bbox 540 849 820 911; x_wconf 84' lang='lat' dir='ltr'><strong>exoravit</strong></span> <span class='ocrx_word' id='word_1_13' title='bbox 861 851 1129 912; x_wconf 90' lang='lat' dir='ltr'><strong>eundem</strong></span> <span class='ocrx_word' id='word_1_14' title='bbox 1173 851 1340 932; x_wconf 90' lang='lat' dir='ltr'><strong>quod</strong></span> <span class='ocrx_word' id='word_1_15' title='bbox 1385 853 1713 929; x_wconf 80' lang='lat' dir='ltr'><strong>negocium</strong></span> <span class='ocrx_word' id='word_1_16' title='bbox 1757 853 1924 928; x_wconf 87' lang='lat' dir='ltr'><strong>quod</strong></span> <span class='ocrx_word' id='word_1_17' title='bbox 1962 859 2192 914; x_wconf 83' lang='lat' dir='ltr'><strong>‘contra</strong></span> <span class='ocrx_word' id='word_1_18' title='bbox 2236 854 2561 915; x_wconf 90' lang='lat' dir='ltr'><strong>dominum</strong></span> <span class='ocrx_word' id='word_1_19' title='bbox 2598 854 2834 916; x_wconf 91' lang='lat' dir='ltr'><strong>Willel-</strong></span> 
     </span>
     <span class='ocr_line' id='line_1_4' title="bbox 375 956 2838 1040; baseline 0.003 -24"><span class='ocrx_word' id='word_1_20' title='bbox 375 975 551 1016; x_wconf 90' lang='lat' dir='ltr'><strong>mum</strong></span> <span class='ocrx_word' id='word_1_21' title='bbox 595 956 673 1016; x_wconf 90' lang='lat' dir='ltr'><strong>de</strong></span> <span class='ocrx_word' id='word_1_22' title='bbox 723 956 1083 1029; x_wconf 84' lang='lat' dir='ltr'><strong>AlbaniacO,</strong></span> <span class='ocrx_word' id='word_1_23' title='bbox 1134 963 1204 1018; x_wconf 93' lang='lat' dir='ltr'><strong>ut</strong></span> <span class='ocrx_word' id='word_1_24' title='bbox 1251 956 1597 1030; x_wconf 73' lang='lat' dir='ltr'><strong>dicebatur,</strong></span> <span class='ocrx_word' id='word_1_25' title='bbox 1643 959 1857 1018; x_wconf 83' lang='lat' dir='ltr'><strong>extitit</strong></span> <span class='ocrx_word' id='word_1_26' title='bbox 1909 965 2359 1038; x_wconf 86' lang='lat' dir='ltr'><strong>attemptatum</strong></span> <span class='ocrx_word' id='word_1_27' title='bbox 2402 961 2552 1022; x_wconf 85' lang='lat' dir='ltr'><strong>velit</strong></span> <span class='ocrx_word' id='word_1_28' title='bbox 2608 981 2838 1040; x_wconf 90' lang='lat' dir='ltr'><strong>ponere</strong></span> 
     </span>
     <span class='ocr_line' id='line_1_5' title="bbox 375 1061 2839 1143; baseline 0.002 -23"><span class='ocrx_word' id='word_1_29' title='bbox 375 1061 443 1120; x_wconf 91' lang='lat' dir='ltr'><strong>in</strong></span> <span class='ocrx_word' id='word_1_30' title='bbox 490 1079 817 1140; x_wconf 86' lang='lat' dir='ltr'><strong>suspense,</strong></span> <span class='ocrx_word' id='word_1_31' title='bbox 863 1062 1060 1122; x_wconf 90' lang='lat' dir='ltr'><strong>donec</strong></span> <span class='ocrx_word' id='word_1_32' title='bbox 1111 1062 1192 1123; x_wconf 91' lang='lat' dir='ltr'><strong>ad</strong></span> <span class='ocrx_word' id='word_1_33' title='bbox 1233 1067 1448 1142; x_wconf 89' lang='lat' dir='ltr'><strong>partes</strong></span> <span class='ocrx_word' id='word_1_34' title='bbox 1499 1064 1879 1142; x_wconf 88' lang='lat' dir='ltr'><strong>Anglicanas</strong></span> <span class='ocrx_word' id='word_1_35' title='bbox 1923 1084 1991 1125; x_wconf 91' lang='lat' dir='ltr'><strong>se</strong></span> <span class='ocrx_word' id='word_1_36' title='bbox 2034 1065 2283 1125; x_wconf 87' lang='lat' dir='ltr'><strong>duxerit</strong></span> <span class='ocrx_word' id='word_1_37' title='bbox 2327 1065 2659 1143; x_wconf 79' lang='lat' dir='ltr'><strong>disposicio</strong></span> <span class='ocrx_word' id='word_1_38' title='bbox 2707 1067 2839 1127; x_wconf 83' lang='lat' dir='ltr'><strong>Sal-</strong></span> 
     </span>
     <span class='ocr_line' id='line_1_6' title="bbox 372 1167 2836 1249; baseline 0.002 -21"><span class='ocrx_word' id='word_1_39' title='bbox 372 1167 651 1238; x_wconf 84' lang='lat' dir='ltr'><strong>vatoris;</strong></span> <span class='ocrx_word' id='word_1_40' title='bbox 703 1168 870 1248; x_wconf 90' lang='lat' dir='ltr'><strong>quod</strong></span> <span class='ocrx_word' id='word_1_41' title='bbox 912 1167 1166 1249; x_wconf 91' lang='lat' dir='ltr'><strong>quidem</strong></span> <span class='ocrx_word' id='word_1_42' title='bbox 1208 1169 1368 1230; x_wconf 84' lang='lat' dir='ltr'><strong>foret</strong></span> <span class='ocrx_word' id='word_1_43' title='bbox 1414 1169 1580 1230; x_wconf 83' lang='lat' dir='ltr'><strong>infra</strong></span> <span class='ocrx_word' id='word_1_44' title='bbox 1623 1190 1861 1230; x_wconf 85' lang='lat' dir='ltr'><strong>annum</strong></span> <span class='ocrx_word' id='word_1_45' title='bbox 1905 1171 2123 1232; x_wconf 90' lang='lat' dir='ltr'><strong>eodem</strong></span> <span class='ocrx_word' id='word_1_46' title='bbox 2184 1172 2503 1232; x_wconf 85' lang='lat' dir='ltr'><strong>Salvatore</strong></span> <span class='ocrx_word' id='word_1_47' title='bbox 2547 1173 2836 1234; x_wconf 75' lang='lat' dir='ltr'><strong>ducente.</strong></span> 
     </span>
     <span class='ocr_line' id='line_1_7' title="bbox 375 1273 2841 1355; baseline 0.003 -22"><span class='ocrx_word' id='word_1_48' title='bbox 375 1273 465 1334; x_wconf 86' lang='lat' dir='ltr'><strong>Et</strong></span> <span class='ocrx_word' id='word_1_49' title='bbox 518 1274 688 1353; x_wconf 90' lang='lat' dir='ltr'><strong>quod</strong></span> <span class='ocrx_word' id='word_1_50' title='bbox 737 1281 889 1335; x_wconf 89' lang='lat' dir='ltr'><strong>tunc</strong></span> <span class='ocrx_word' id='word_1_51' title='bbox 944 1281 1009 1335; x_wconf 90' lang='lat' dir='ltr'><strong>et</strong></span> <span class='ocrx_word' id='word_1_52' title='bbox 1067 1295 1314 1355; x_wconf 89' lang='lat' dir='ltr'><strong>semper</strong></span> <span class='ocrx_word' id='word_1_53' title='bbox 1361 1276 1527 1336; x_wconf 89' lang='lat' dir='ltr'><strong>idem</strong></span> <span class='ocrx_word' id='word_1_54' title='bbox 1577 1275 1870 1338; x_wconf 88' lang='lat' dir='ltr'><strong>dominus</strong></span> <span class='ocrx_word' id='word_1_55' title='bbox 1935 1277 2291 1338; x_wconf 90' lang='lat' dir='ltr'><strong>Willelmus</strong></span> <span class='ocrx_word' id='word_1_56' title='bbox 2340 1276 2471 1338; x_wconf 88' lang='lat' dir='ltr'><strong>suis</strong></span> <span class='ocrx_word' id='word_1_57' title='bbox 2527 1277 2841 1340; x_wconf 87' lang='lat' dir='ltr'><strong>mandatis</strong></span> 
     </span>
     <span class='ocr_line' id='line_1_8' title="bbox 375 1380 2839 1463; baseline 0.002 -24"><span class='ocrx_word' id='word_1_58' title='bbox 375 1380 668 1442; x_wconf 89' lang='lat' dir='ltr'><strong>omnibus</strong></span> <span class='ocrx_word' id='word_1_59' title='bbox 736 1380 1037 1453; x_wconf 75' lang='lat' dir='ltr'><strong>obediret,</strong></span> <span class='ocrx_word' id='word_1_60' title='bbox 1109 1389 1172 1442; x_wconf 92' lang='lat' dir='ltr'><strong>et</strong></span> <span class='ocrx_word' id='word_1_61' title='bbox 1235 1382 1402 1461; x_wconf 91' lang='lat' dir='ltr'><strong>quod</strong></span> <span class='ocrx_word' id='word_1_62' title='bbox 1464 1383 1630 1444; x_wconf 90' lang='lat' dir='ltr'><strong>idem</strong></span> <span class='ocrx_word' id='word_1_63' title='bbox 1693 1382 2007 1443; x_wconf 90' lang='lat' dir='ltr'><strong>Dominus</strong></span> <span class='ocrx_word' id='word_1_64' title='bbox 2076 1383 2596 1463; x_wconf 89' lang='lat' dir='ltr'><strong>Archiepiscopus</strong></span> <span class='ocrx_word' id='word_1_65' title='bbox 2658 1403 2839 1444; x_wconf 87' lang='lat' dir='ltr'><strong>suam</strong></span> 
     </span>
     <span class='ocr_line' id='line_1_9' title="bbox 377 1485 1961 1564; baseline 0.002 -17"><span class='ocrx_word' id='word_1_66' title='bbox 377 1503 567 1564; x_wconf 88' lang='lat' dir='ltr'><strong>super</strong></span> <span class='ocrx_word' id='word_1_67' title='bbox 622 1485 745 1546; x_wconf 90' lang='lat' dir='ltr'><strong>hiis</strong></span> <span class='ocrx_word' id='word_1_68' title='bbox 801 1493 865 1546; x_wconf 91' lang='lat' dir='ltr'><strong>et</strong></span> <span class='ocrx_word' id='word_1_69' title='bbox 923 1486 1065 1546; x_wconf 86' lang='lat' dir='ltr'><strong>aliis</strong></span> <span class='ocrx_word' id='word_1_70' title='bbox 1121 1487 1488 1548; x_wconf 77' lang='lat' dir='ltr'><strong>rescriberet</strong></span> <span class='ocrx_word' id='word_1_71' title='bbox 1547 1489 1961 1550; x_wconf 85' lang='lat' dir='ltr'><strong>voluntatem.</strong></span> 
     </span>
    </p>
   </div>
   <div class='ocr_carea' id='block_1_3' title="bbox 379 1739 2841 1984">
    <p class='ocr_par' dir='ltr' id='par_1_3' title="bbox 379 1739 2841 1984">
     <span class='ocr_line' id='line_1_10' title="bbox 379 1739 2841 1821; baseline 0.002 -21"><span class='ocrx_word' id='word_1_72' title='bbox 379 1740 593 1801; x_wconf 86' lang='lat' dir='ltr'><strong>Letter</strong></span> <span class='ocrx_word' id='word_1_73' title='bbox 649 1747 708 1801; x_wconf 91' lang='lat' dir='ltr'><strong>to</strong></span> <span class='ocrx_word' id='word_1_74' title='bbox 764 1739 1056 1802; x_wconf 84' lang='lat' dir='ltr'><strong>Nicholas</strong></span> <span class='ocrx_word' id='word_1_75' title='bbox 1112 1740 1184 1800; x_wconf 90' lang='lat' dir='ltr'><strong>de</strong></span> <span class='ocrx_word' id='word_1_76' title='bbox 1239 1741 1497 1802; x_wconf 81' lang='lat' dir='ltr'><strong>Knovile</strong></span> <span class='ocrx_word' id='word_1_77' title='bbox 1550 1740 1846 1820; x_wconf 66' lang='lat' dir='ltr'><strong>thanki‘nq</strong></span> <span class='ocrx_word' id='word_1_78' title='bbox 1891 1741 2018 1802; x_wconf 88' lang='lat' dir='ltr'><strong>him</strong></span> <span class='ocrx_word' id='word_1_79' title='bbox 2045 1744 2156 1821; x_wconf 88' lang='lat' dir='ltr'><strong>sor</strong></span> <span class='ocrx_word' id='word_1_80' title='bbox 2197 1742 2292 1804; x_wconf 74' lang='lat' dir='ltr'><strong>his</strong></span> <span class='ocrx_word' id='word_1_81' title='bbox 2334 1743 2588 1804; x_wconf 77' lang='lat' dir='ltr'><strong>services</strong></span> <span class='ocrx_word' id='word_1_82' title='bbox 2630 1743 2699 1802; x_wconf 81' lang='lat' dir='ltr'><strong>in</strong></span> <span class='ocrx_word' id='word_1_83' title='bbox 2742 1744 2841 1804; x_wconf 88' lang='lat' dir='ltr'><strong>the</strong></span> 
     </span>
     <span class='ocr_line' id='line_1_11' title="bbox 619 1821 2841 1902; baseline 0.002 -21"><span class='ocrx_word' id='word_1_84' title='bbox 619 1829 848 1882; x_wconf 85' lang='lat' dir='ltr'><strong>matter</strong></span> <span class='ocrx_word' id='word_1_85' title='bbox 889 1821 1010 1882; x_wconf 78' lang='lat' dir='ltr'><strong>last</strong></span> <span class='ocrx_word' id='word_1_86' title='bbox 1049 1821 1411 1894; x_wconf 79' lang='lat' dir='ltr'><strong>mentioned,</strong></span> <span class='ocrx_word' id='word_1_87' title='bbox 1442 1821 1660 1900; x_wconf 75' lang='lat' dir='ltr'><strong>askinq</strong></span> <span class='ocrx_word' id='word_1_88' title='bbox 1696 1823 1825 1882; x_wconf 90' lang='lat' dir='ltr'><strong>him</strong></span> <span class='ocrx_word' id='word_1_89' title='bbox 1862 1829 1921 1883; x_wconf 91' lang='lat' dir='ltr'><strong>to</strong></span> <span class='ocrx_word' id='word_1_90' title='bbox 1965 1824 2029 1882; x_wconf 90' lang='lat' dir='ltr'><strong>be</strong></span> <span class='ocrx_word' id='word_1_91' title='bbox 2056 1832 2303 1902; x_wconf 76' lang='lat' dir='ltr'><strong>present</strong></span> <span class='ocrx_word' id='word_1_92' title='bbox 2337 1831 2405 1884; x_wconf 87' lang='lat' dir='ltr'><strong>at</strong></span> <span class='ocrx_word' id='word_1_93' title='bbox 2443 1824 2540 1884; x_wconf 87' lang='lat' dir='ltr'><strong>the</strong></span> <span class='ocrx_word' id='word_1_94' title='bbox 2572 1825 2841 1902; x_wconf 77' lang='lat' dir='ltr'><strong>delivery</strong></span> 
     </span>
     <span class='ocr_line' id='line_1_12' title="bbox 623 1903 2431 1984; baseline 0.001 -22"><span class='ocrx_word' id='word_1_95' title='bbox 623 1903 692 1982; x_wconf 86' lang='lat' dir='ltr'><strong>os</strong></span> <span class='ocrx_word' id='word_1_96' title='bbox 739 1903 836 1963; x_wconf 87' lang='lat' dir='ltr'><strong>the</strong></span> <span class='ocrx_word' id='word_1_97' title='bbox 880 1903 1074 1974; x_wconf 83' lang='lat' dir='ltr'><strong>letter,</strong></span> <span class='ocrx_word' id='word_1_98' title='bbox 1117 1905 1244 1963; x_wconf 78' lang='lat' dir='ltr'><strong>and</strong></span> <span class='ocrx_word' id='word_1_99' title='bbox 1287 1911 1346 1963; x_wconf 92' lang='lat' dir='ltr'><strong>to</strong></span> <span class='ocrx_word' id='word_1_100' title='bbox 1378 1923 1556 1983; x_wconf 70' lang='lat' dir='ltr'><strong>prese</strong></span> <span class='ocrx_word' id='word_1_101' title='bbox 1585 1906 1696 1980; x_wconf 84' lang='lat' dir='ltr'><strong>sor</strong></span> <span class='ocrx_word' id='word_1_102' title='bbox 1739 1904 1836 1964; x_wconf 88' lang='lat' dir='ltr'><strong>the</strong></span> <span class='ocrx_word' id='word_1_103' title='bbox 1879 1904 2057 1980; x_wconf 74' lang='lat' dir='ltr'><strong>delay</strong></span> <span class='ocrx_word' id='word_1_104' title='bbox 2097 1905 2431 1984; x_wconf 77' lang='lat' dir='ltr'><strong>requested.</strong></span> 
     </span>
    </p>
   </div>
   <div class='ocr_carea' id='block_1_4' title="bbox 375 2057 2903 2668">
    <p class='ocr_par' dir='ltr' id='par_1_4' title="bbox 375 2057 2903 2668">
     <span class='ocr_line' id='line_1_13' title="bbox 540 2057 2843 2137; baseline 0.001 -19"><span class='ocrx_word' id='word_1_105' title='bbox 540 2060 810 2119; x_wconf 72' lang='lat' dir='ltr'><strong>Doumo</strong></span> <span class='ocrx_word' id='word_1_106' title='bbox 854 2059 912 2118; x_wconf 91' lang='lat' dir='ltr'>N</span> <span class='ocrx_word' id='word_1_107' title='bbox 936 2059 1262 2137; x_wconf 73' lang='lat' dir='ltr'><strong>[1osonAo]</strong></span> <span class='ocrx_word' id='word_1_108' title='bbox 1307 2076 1393 2119; x_wconf 73' lang='lat' dir='ltr'><strong>nn</strong></span> <span class='ocrx_word' id='word_1_109' title='bbox 1440 2057 1763 2131; x_wconf 69' lang='lat' dir='ltr'><strong>Knovnm,</strong></span> <span class='ocrx_word' id='word_1_110' title='bbox 1808 2077 1931 2119; x_wconf 76' lang='lat' dir='ltr'><strong>Pno</strong></span> <span class='ocrx_word' id='word_1_111' title='bbox 1974 2060 2495 2128; x_wconf 58' lang='lat' dir='ltr'><strong>nonum—Item,</strong></span> <span class='ocrx_word' id='word_1_112' title='bbox 2530 2059 2843 2120; x_wconf 89' lang='lat' dir='ltr'><strong>Dominus</strong></span> 
     </span>
     <span class='ocr_line' id='line_1_14' title="bbox 376 2164 2903 2246; baseline 0 -21"><span class='ocrx_word' id='word_1_113' title='bbox 376 2169 532 2225; x_wconf 89' lang='lat' dir='ltr'><strong>tunc</strong></span> <span class='ocrx_word' id='word_1_114' title='bbox 591 2165 841 2244; x_wconf 85' lang='lat' dir='ltr'><strong>scripsit</strong></span> <span class='ocrx_word' id='word_1_115' title='bbox 899 2164 1153 2224; x_wconf 92' lang='lat' dir='ltr'><strong>domino</strong></span> <span class='ocrx_word' id='word_1_116' title='bbox 1214 2164 1525 2225; x_wconf 86' lang='lat' dir='ltr'><strong>Nicholao</strong></span> <span class='ocrx_word' id='word_1_117' title='bbox 1581 2164 1660 2224; x_wconf 90' lang='lat' dir='ltr'><strong>de</strong></span> <span class='ocrx_word' id='word_1_118' title='bbox 1721 2164 2010 2236; x_wconf 87' lang='lat' dir='ltr'><strong>Knovile,</strong></span> <span class='ocrx_word' id='word_1_119' title='bbox 2075 2165 2195 2244; x_wconf 88' lang='lat' dir='ltr'><strong>ipsi</strong></span> <span class='ocrx_word' id='word_1_120' title='bbox 2259 2165 2612 2244; x_wconf 86' lang='lat' dir='ltr'><strong>regracians</strong></span> <span class='ocrx_word' id='word_1_121' title='bbox 2674 2165 2840 2246; x_wconf 90' lang='lat' dir='ltr'><strong>quod</strong></span> <span class='ocrx_word' id='word_1_122' title='bbox 2896 2165 2903 2171; x_wconf 81' lang='grc'><em>’</em></span> 
     </span>
     <span class='ocr_line' id='line_1_15' title="bbox 375 2266 2838 2350; baseline 0.001 -21"><span class='ocrx_word' id='word_1_123' title='bbox 375 2271 550 2350; x_wconf 89' lang='lat' dir='ltr'><strong>prius</strong></span> <span class='ocrx_word' id='word_1_124' title='bbox 599 2289 745 2348; x_wconf 88' lang='lat' dir='ltr'><strong>erga</strong></span> <span class='ocrx_word' id='word_1_125' title='bbox 799 2269 940 2330; x_wconf 89' lang='lat' dir='ltr'><strong>illos</strong></span> <span class='ocrx_word' id='word_1_126' title='bbox 996 2289 1259 2349; x_wconf 89' lang='lat' dir='ltr'><strong>quorum</strong></span> <span class='ocrx_word' id='word_1_127' title='bbox 1318 2270 1620 2331; x_wconf 84' lang='lat' dir='ltr'><strong>intererat</strong></span> <span class='ocrx_word' id='word_1_128' title='bbox 1675 2289 1789 2350; x_wconf 88' lang='lat' dir='ltr'><strong>pro</strong></span> <span class='ocrx_word' id='word_1_129' title='bbox 1849 2266 2107 2349; x_wconf 86' lang='lat' dir='ltr'><strong>negocio</strong></span> <span class='ocrx_word' id='word_1_130' title='bbox 2164 2271 2394 2332; x_wconf 88' lang='lat' dir='ltr'><strong>institit</strong></span> <span class='ocrx_word' id='word_1_131' title='bbox 2454 2279 2801 2332; x_wconf 88' lang='lat' dir='ltr'><strong>memorato</strong></span> <span class='ocrx_word' id='word_1_132' title='bbox 2820 2289 2838 2343; x_wconf 87' lang='lat'>;</span> 
     </span>
     <span class='ocr_line' id='line_1_16' title="bbox 377 2375 2840 2456; baseline 0.001 -21"><span class='ocrx_word' id='word_1_133' title='bbox 377 2377 583 2454; x_wconf 90' lang='lat' dir='ltr'><strong>ipsum</strong></span> <span class='ocrx_word' id='word_1_134' title='bbox 628 2395 855 2454; x_wconf 88' lang='lat' dir='ltr'><strong>rogans</strong></span> <span class='ocrx_word' id='word_1_135' title='bbox 896 2376 1063 2455; x_wconf 89' lang='lat' dir='ltr'><strong>quod</strong></span> <span class='ocrx_word' id='word_1_136' title='bbox 1107 2375 1482 2436; x_wconf 84' lang='lat' dir='ltr'><strong>exhibicioni</strong></span> <span class='ocrx_word' id='word_1_137' title='bbox 1529 2382 1811 2455; x_wconf 88' lang='lat' dir='ltr'><strong>pretacte</strong></span> <span class='ocrx_word' id='word_1_138' title='bbox 1868 2377 2079 2438; x_wconf 81' lang='lat' dir='ltr'><strong>littere</strong></span> <span class='ocrx_word' id='word_1_139' title='bbox 2133 2377 2479 2450; x_wconf 72' lang='lat' dir='ltr'><strong>interimet,</strong></span> <span class='ocrx_word' id='word_1_140' title='bbox 2527 2381 2589 2436; x_wconf 91' lang='lat' dir='ltr'><strong>et</strong></span> <span class='ocrx_word' id='word_1_141' title='bbox 2632 2379 2840 2456; x_wconf 90' lang='lat' dir='ltr'><strong>ipsum</strong></span> 
     </span>
     <span class='ocr_line' id='line_1_17' title="bbox 377 2482 2839 2562; baseline 0 -20"><span class='ocrx_word' id='word_1_142' title='bbox 377 2500 524 2560; x_wconf 84' lang='lat' dir='ltr'><strong>erga</strong></span> <span class='ocrx_word' id='word_1_143' title='bbox 566 2482 804 2542; x_wconf 89' lang='lat' dir='ltr'><strong>dictum</strong></span> <span class='ocrx_word' id='word_1_144' title='bbox 835 2482 1177 2542; x_wconf 90' lang='lat' dir='ltr'><strong>Dominum</strong></span> <span class='ocrx_word' id='word_1_145' title='bbox 1224 2501 1408 2542; x_wconf 90' lang='lat' dir='ltr'><strong>suum</strong></span> <span class='ocrx_word' id='word_1_146' title='bbox 1441 2502 1553 2561; x_wconf 92' lang='lat' dir='ltr'><strong>pro</strong></span> <span class='ocrx_word' id='word_1_147' title='bbox 1589 2483 1826 2544; x_wconf 85' lang='lat' dir='ltr'><strong>viribus</strong></span> <span class='ocrx_word' id='word_1_148' title='bbox 1870 2490 2253 2562; x_wconf 83' lang='lat' dir='ltr'><strong>procuraret,</strong></span> <span class='ocrx_word' id='word_1_149' title='bbox 2286 2490 2348 2544; x_wconf 92' lang='lat' dir='ltr'><strong>et</strong></span> <span class='ocrx_word' id='word_1_150' title='bbox 2390 2484 2557 2544; x_wconf 90' lang='lat' dir='ltr'><strong>circa</strong></span> <span class='ocrx_word' id='word_1_151' title='bbox 2598 2483 2839 2543; x_wconf 89' lang='lat' dir='ltr'><strong>dictum</strong></span> 
     </span>
     <span class='ocr_line' id='line_1_18' title="bbox 375 2588 1466 2668; baseline 0 -20"><span class='ocrx_word' id='word_1_152' title='bbox 375 2595 732 2668; x_wconf 88' lang='lat' dir='ltr'><strong>respectum</strong></span> <span class='ocrx_word' id='word_1_153' title='bbox 774 2588 1136 2649; x_wconf 88' lang='lat' dir='ltr'><strong>habendum</strong></span> <span class='ocrx_word' id='word_1_154' title='bbox 1180 2588 1466 2649; x_wconf 85' lang='lat' dir='ltr'><strong>instaret.</strong></span> 
     </span>
    </p>
   </div>
   <div class='ocr_carea' id='block_1_5' title="bbox 371 2841 2837 3001">
    <p class='ocr_par' dir='ltr' id='par_1_5' title="bbox 371 2841 2837 3001">
     <span class='ocr_line' id='line_1_19' title="bbox 371 2841 2837 2921; baseline -0.001 -17"><span class='ocrx_word' id='word_1_155' title='bbox 371 2843 839 2904; x_wconf 81' lang='lat' dir='ltr'><strong>Memorandum</strong></span> <span class='ocrx_word' id='word_1_156' title='bbox 899 2843 1034 2904; x_wconf 84' lang='lat' dir='ltr'><strong>that</strong></span> <span class='ocrx_word' id='word_1_157' title='bbox 1094 2843 1260 2904; x_wconf 85' lang='lat' dir='ltr'><strong>John</strong></span> <span class='ocrx_word' id='word_1_158' title='bbox 1314 2843 1386 2902; x_wconf 86' lang='lat' dir='ltr'><strong>de</strong></span> <span class='ocrx_word' id='word_1_159' title='bbox 1444 2843 1646 2914; x_wconf 79' lang='lat' dir='ltr'><strong>Clare,</strong></span> <span class='ocrx_word' id='word_1_160' title='bbox 1691 2842 1825 2902; x_wconf 87' lang='lat' dir='ltr'><strong>who</strong></span> <span class='ocrx_word' id='word_1_161' title='bbox 1867 2842 1991 2902; x_wconf 89' lang='lat' dir='ltr'><strong>had</strong></span> <span class='ocrx_word' id='word_1_162' title='bbox 2040 2843 2183 2902; x_wconf 74' lang='lat' dir='ltr'><strong>been</strong></span> <span class='ocrx_word' id='word_1_163' title='bbox 2230 2849 2365 2903; x_wconf 76' lang='lat' dir='ltr'><strong>sent</strong></span> <span class='ocrx_word' id='word_1_164' title='bbox 2416 2849 2475 2903; x_wconf 87' lang='grc' dir='ltr'><strong>ιο</strong></span> <span class='ocrx_word' id='word_1_165' title='bbox 2522 2841 2837 2921; x_wconf 71' lang='lat' dir='ltr'><strong>Enqland,</strong></span> 
     </span>
     <span class='ocr_line' id='line_1_20' title="bbox 615 2923 2268 3001; baseline -0.001 -16"><span class='ocrx_word' id='word_1_166' title='bbox 615 2924 855 2985; x_wconf 84' lang='lat' dir='ltr'><strong>carried</strong></span> <span class='ocrx_word' id='word_1_167' title='bbox 893 2924 1046 2985; x_wconf 86' lang='lat' dir='ltr'><strong>with</strong></span> <span class='ocrx_word' id='word_1_168' title='bbox 1091 2923 1219 2984; x_wconf 86' lang='lat' dir='ltr'><strong>him</strong></span> <span class='ocrx_word' id='word_1_169' title='bbox 1265 2923 1362 2985; x_wconf 88' lang='lat' dir='ltr'><strong>the</strong></span> <span class='ocrx_word' id='word_1_170' title='bbox 1406 2924 1612 2985; x_wconf 75' lang='lat' dir='ltr'><strong>letters</strong></span> <span class='ocrx_word' id='word_1_171' title='bbox 1654 2925 1921 3001; x_wconf 81' lang='lat' dir='ltr'><strong>referred</strong></span> <span class='ocrx_word' id='word_1_172' title='bbox 1966 2933 2024 2985; x_wconf 88' lang='lat' dir='ltr'><strong>to</strong></span> <span class='ocrx_word' id='word_1_173' title='bbox 2068 2923 2268 2984; x_wconf 84' lang='lat' dir='ltr'><strong>below.</strong></span> 
     </span>
    </p>
   </div>
   <div class='ocr_carea' id='block_1_6' title="bbox 372 3070 2843 3373">
    <p class='ocr_par' dir='ltr' id='par_1_6' title="bbox 372 3070 2843 3373">
     <span class='ocr_line' id='line_1_21' title="bbox 533 3070 2843 3160; baseline -0.001 -17"><span class='ocrx_word' id='word_1_174' title='bbox 533 3082 571 3143; x_wconf 87' lang='lat' dir='ltr'><strong>J</strong></span> <span class='ocrx_word' id='word_1_175' title='bbox 595 3085 937 3160; x_wconf 62' lang='lat' dir='ltr'><strong>[cummis]</strong></span> <span class='ocrx_word' id='word_1_176' title='bbox 985 3100 1071 3141; x_wconf 73' lang='lat' dir='ltr'><strong>ns</strong></span> <span class='ocrx_word' id='word_1_177' title='bbox 1119 3080 1934 3141; x_wconf 71' lang='lat' dir='ltr'><strong>GLARn.—Memorandum</strong></span> <span class='ocrx_word' id='word_1_178' title='bbox 1975 3081 2144 3160; x_wconf 88' lang='lat' dir='ltr'><strong>quod</strong></span> <span class='ocrx_word' id='word_1_179' title='bbox 2185 3070 2477 3141; x_wconf 86' lang='lat' dir='ltr'><strong>dominus</strong></span> <span class='ocrx_word' id='word_1_180' title='bbox 2515 3081 2843 3142; x_wconf 87' lang='lat' dir='ltr'><strong>Johannes</strong></span> 
     </span>
     <span class='ocr_line' id='line_1_22' title="bbox 372 3186 2838 3267; baseline -0 -19"><span class='ocrx_word' id='word_1_181' title='bbox 372 3188 451 3250; x_wconf 91' lang='lat' dir='ltr'><strong>de</strong></span> <span class='ocrx_word' id='word_1_182' title='bbox 507 3189 706 3259; x_wconf 87' lang='lat' dir='ltr'><strong>Clare,</strong></span> <span class='ocrx_word' id='word_1_183' title='bbox 758 3190 836 3249; x_wconf 87' lang='lat' dir='ltr'><strong>de</strong></span> <span class='ocrx_word' id='word_1_184' title='bbox 892 3188 1065 3267; x_wconf 85' lang='lat' dir='ltr'><strong>Lyra</strong></span> <span class='ocrx_word' id='word_1_185' title='bbox 1112 3188 1178 3246; x_wconf 90' lang='lat' dir='ltr'><strong>in</strong></span> <span class='ocrx_word' id='word_1_186' title='bbox 1230 3187 1519 3265; x_wconf 87' lang='lat' dir='ltr'><strong>Angliam</strong></span> <span class='ocrx_word' id='word_1_187' title='bbox 1571 3186 1803 3246; x_wconf 90' lang='lat' dir='ltr'><strong>missus</strong></span> <span class='ocrx_word' id='word_1_188' title='bbox 1853 3186 1933 3247; x_wconf 94' lang='lat' dir='ltr'><strong>ob</strong></span> <span class='ocrx_word' id='word_1_189' title='bbox 1981 3186 2249 3257; x_wconf 85' lang='lat' dir='ltr'><strong>diversa,</strong></span> <span class='ocrx_word' id='word_1_190' title='bbox 2294 3186 2541 3247; x_wconf 87' lang='lat' dir='ltr'><strong>litteras</strong></span> <span class='ocrx_word' id='word_1_191' title='bbox 2582 3206 2703 3266; x_wconf 91' lang='lat' dir='ltr'><strong>que</strong></span> <span class='ocrx_word' id='word_1_192' title='bbox 2745 3187 2838 3247; x_wconf 89' lang='lat' dir='ltr'><strong>in·</strong></span> 
     </span>
     <span class='ocr_line' id='line_1_23' title="bbox 372 3293 2833 3373; baseline -0 -19"><span class='ocrx_word' id='word_1_193' title='bbox 372 3294 564 3356; x_wconf 80' lang='lat' dir='ltr'><strong>serius</strong></span> <span class='ocrx_word' id='word_1_194' title='bbox 613 3294 1063 3373; x_wconf 87' lang='lat' dir='ltr'><strong>continguntur</strong></span> <span class='ocrx_word' id='word_1_195' title='bbox 1111 3313 1343 3366; x_wconf 89' lang='lat' dir='ltr'><strong>secum,</strong></span> <span class='ocrx_word' id='word_1_196' title='bbox 1393 3299 1579 3373; x_wconf 89' lang='lat' dir='ltr'><strong>prout</strong></span> <span class='ocrx_word' id='word_1_197' title='bbox 1627 3293 1683 3353; x_wconf 88' lang='lat' dir='ltr'><strong>ei</strong></span> <span class='ocrx_word' id='word_1_198' title='bbox 1732 3293 2009 3371; x_wconf 85' lang='lat' dir='ltr'><strong>injunxit</strong></span> <span class='ocrx_word' id='word_1_199' title='bbox 2060 3293 2389 3365; x_wconf 91' lang='lat' dir='ltr'><strong>Dominus,</strong></span> <span class='ocrx_word' id='word_1_200' title='bbox 2438 3293 2833 3373; x_wconf 88' lang='lat' dir='ltr'><strong>deportabat.</strong></span> 
     </span>
    </p>
   </div>
   <div class='ocr_carea' id='block_1_7' title="bbox 377 3566 2841 3649">
    <p class='ocr_par' dir='ltr' id='par_1_7' title="bbox 377 3566 2841 3649">
     <span class='ocr_line' id='line_1_24' title="bbox 377 3566 2841 3649; baseline -0.001 -20"><span class='ocrx_word' id='word_1_201' title='bbox 377 3570 544 3649; x_wconf 80' lang='lat' dir='ltr'><strong>Sept.</strong></span> <span class='ocrx_word' id='word_1_202' title='bbox 610 3572 709 3629; x_wconf 80' lang='lat'><strong>27.</strong></span> <span class='ocrx_word' id='word_1_203' title='bbox 714 3568 1094 3628; x_wconf 80' lang='lat' dir='ltr'><strong>—Mandate</strong></span> <span class='ocrx_word' id='word_1_204' title='bbox 1160 3575 1219 3627; x_wconf 88' lang='grc' dir='ltr'><strong>ιο</strong></span> <span class='ocrx_word' id='word_1_205' title='bbox 1281 3568 1510 3628; x_wconf 86' lang='lat' dir='ltr'><strong>Robert</strong></span> <span class='ocrx_word' id='word_1_206' title='bbox 1572 3568 1642 3646; x_wconf 88' lang='lat' dir='ltr'><strong>of</strong></span> <span class='ocrx_word' id='word_1_207' title='bbox 1695 3567 2050 3627; x_wconf 73' lang='lat' dir='ltr'><strong>Gloucester</strong></span> <span class='ocrx_word' id='word_1_208' title='bbox 2108 3573 2166 3627; x_wconf 89' lang='grc' dir='ltr'><strong>ιο</strong></span> <span class='ocrx_word' id='word_1_209' title='bbox 2220 3566 2429 3626; x_wconf 80' lang='lat' dir='ltr'><strong>collect</strong></span> <span class='ocrx_word' id='word_1_210' title='bbox 2488 3566 2584 3626; x_wconf 89' lang='lat' dir='ltr'><strong>the</strong></span> <span class='ocrx_word' id='word_1_211' title='bbox 2626 3585 2841 3644; x_wconf 78' lang='lat' dir='ltr'><strong>money</strong></span> 
     </span>
    </p>
   </div>
   <div class='ocr_carea' id='block_1_8' title="bbox 609 3646 2838 3790">
    <p class='ocr_par' dir='ltr' id='par_1_8' title="bbox 609 3646 2838 3790">
     <span class='ocr_line' id='line_1_25' title="bbox 609 3646 2838 3728; baseline -0 -19"><span class='ocrx_word' id='word_1_212' title='bbox 609 3648 921 3728; x_wconf 78' lang='lat' dir='ltr'><strong>promised</strong></span> <span class='ocrx_word' id='word_1_213' title='bbox 969 3648 1044 3724; x_wconf 74' lang='lat' dir='ltr'><strong>by</strong></span> <span class='ocrx_word' id='word_1_214' title='bbox 1093 3648 1190 3709; x_wconf 86' lang='lat' dir='ltr'><strong>the</strong></span> <span class='ocrx_word' id='word_1_215' title='bbox 1237 3648 1456 3726; x_wconf 76' lang='lat' dir='ltr'><strong>clerqy,</strong></span> <span class='ocrx_word' id='word_1_216' title='bbox 1508 3648 1633 3708; x_wconf 77' lang='lat' dir='ltr'><strong>and</strong></span> <span class='ocrx_word' id='word_1_217' title='bbox 1681 3655 1920 3709; x_wconf 73' lang='lat' dir='ltr'><strong>entrust</strong></span> <span class='ocrx_word' id='word_1_218' title='bbox 1953 3647 2007 3708; x_wconf 85' lang='lat' dir='ltr'><strong>it</strong></span> <span class='ocrx_word' id='word_1_219' title='bbox 2065 3655 2123 3708; x_wconf 90' lang='lat' dir='ltr'><strong>to</strong></span> <span class='ocrx_word' id='word_1_220' title='bbox 2180 3646 2435 3707; x_wconf 78' lang='lat' dir='ltr'><strong>bankers</strong></span> <span class='ocrx_word' id='word_1_221' title='bbox 2491 3667 2562 3706; x_wconf 91' lang='lat' dir='ltr'><strong>or</strong></span> <span class='ocrx_word' id='word_1_222' title='bbox 2614 3648 2838 3719; x_wconf 69' lang='lat' dir='ltr'><strong>others,</strong></span> 
     </span>
     <span class='ocr_line' id='line_1_26' title="bbox 618 3727 2837 3790; baseline -0 0"><span class='ocrx_word' id='word_1_223' title='bbox 618 3750 688 3790; x_wconf 77' lang='lat' dir='ltr'><strong>as</strong></span> <span class='ocrx_word' id='word_1_224' title='bbox 741 3729 906 3790; x_wconf 80' lang='lat' dir='ltr'><strong>John</strong></span> <span class='ocrx_word' id='word_1_225' title='bbox 952 3730 1024 3789; x_wconf 87' lang='lat' dir='ltr'><strong>de</strong></span> <span class='ocrx_word' id='word_1_226' title='bbox 1079 3730 1259 3789; x_wconf 80' lang='lat' dir='ltr'><strong>Clare</strong></span> <span class='ocrx_word' id='word_1_227' title='bbox 1307 3729 1439 3789; x_wconf 85' lang='lat' dir='ltr'><strong>will</strong></span> <span class='ocrx_word' id='word_1_228' title='bbox 1485 3728 1712 3789; x_wconf 68' lang='lat' dir='ltr'><strong>advice.</strong></span> <span class='ocrx_word' id='word_1_229' title='bbox 1846 3728 1969 3788; x_wconf 84' lang='lat' dir='ltr'><strong>The</strong></span> <span class='ocrx_word' id='word_1_230' title='bbox 2017 3735 2130 3789; x_wconf 88' lang='lat' dir='ltr'><strong>two</strong></span> <span class='ocrx_word' id='word_1_231' title='bbox 2173 3728 2452 3787; x_wconf 80' lang='lat' dir='ltr'><strong>hundred</strong></span> <span class='ocrx_word' id='word_1_232' title='bbox 2492 3727 2699 3788; x_wconf 70' lang='lat' dir='ltr'><strong>marks</strong></span> <span class='ocrx_word' id='word_1_233' title='bbox 2740 3747 2837 3789; x_wconf 76' lang='lat' dir='ltr'><strong>as-</strong></span> 
     </span>
    </p>
   </div>
   <div class='ocr_carea' id='block_1_9' title="bbox 608 3807 2839 4195">
    <p class='ocr_par' dir='ltr' id='par_1_9' title="bbox 608 3807 2839 4195">
     <span class='ocr_line' id='line_1_27' title="bbox 621 3807 2836 3889; baseline -0 -19"><span class='ocrx_word' id='word_1_234' title='bbox 621 3810 832 3889; x_wconf 73' lang='lat' dir='ltr'><strong>siqned</strong></span> <span class='ocrx_word' id='word_1_235' title='bbox 881 3810 956 3887; x_wconf 78' lang='lat' dir='ltr'><strong>by</strong></span> <span class='ocrx_word' id='word_1_236' title='bbox 1005 3809 1287 3870; x_wconf 84' lang='lat' dir='ltr'><strong>Richard</strong></span> <span class='ocrx_word' id='word_1_237' title='bbox 1334 3813 1396 3888; x_wconf 81' lang='lat' dir='ltr'><strong>os</strong></span> <span class='ocrx_word' id='word_1_238' title='bbox 1437 3809 1741 3886; x_wconf 80' lang='lat' dir='ltr'><strong>Heresord</strong></span> <span class='ocrx_word' id='word_1_239' title='bbox 1769 3811 1879 3886; x_wconf 86' lang='lat' dir='ltr'><strong>sor</strong></span> <span class='ocrx_word' id='word_1_240' title='bbox 1930 3808 2028 3868; x_wconf 88' lang='lat' dir='ltr'><strong>the</strong></span> <span class='ocrx_word' id='word_1_241' title='bbox 2068 3828 2175 3869; x_wconf 75' lang='lat' dir='ltr'><strong>use</strong></span> <span class='ocrx_word' id='word_1_242' title='bbox 2217 3813 2281 3883; x_wconf 86' lang='lat' dir='ltr'><strong>os</strong></span> <span class='ocrx_word' id='word_1_243' title='bbox 2323 3807 2417 3868; x_wconf 73' lang='lat' dir='ltr'><strong>hie</strong></span> <span class='ocrx_word' id='word_1_244' title='bbox 2459 3828 2569 3869; x_wconf 79' lang='lat' dir='ltr'><strong>son</strong></span> <span class='ocrx_word' id='word_1_245' title='bbox 2616 3809 2836 3886; x_wconf 76' lang='lat' dir='ltr'><strong>Roqer,</strong></span> 
     </span>
     <span class='ocr_line' id='line_1_28' title="bbox 619 3888 2839 3969; baseline -0 -18"><span class='ocrx_word' id='word_1_246' title='bbox 619 3911 698 3951; x_wconf 79' lang='lat' dir='ltr'><strong>cn</strong></span> <span class='ocrx_word' id='word_1_247' title='bbox 739 3890 833 3951; x_wconf 74' lang='lat' dir='ltr'><strong>his</strong></span> <span class='ocrx_word' id='word_1_248' title='bbox 875 3890 1107 3968; x_wconf 74' lang='lat' dir='ltr'><strong>cominq</strong></span> <span class='ocrx_word' id='word_1_249' title='bbox 1151 3893 1219 3968; x_wconf 85' lang='lat' dir='ltr'><strong>os</strong></span> <span class='ocrx_word' id='word_1_250' title='bbox 1267 3910 1397 3969; x_wconf 62' lang='lat' dir='ltr'><strong>aye,</strong></span> <span class='ocrx_word' id='word_1_251' title='bbox 1447 3890 1575 3951; x_wconf 84' lang='lat' dir='ltr'><strong>and</strong></span> <span class='ocrx_word' id='word_1_252' title='bbox 1621 3888 1933 3968; x_wconf 76' lang='lat' dir='ltr'><strong>deposited</strong></span> <span class='ocrx_word' id='word_1_253' title='bbox 1974 3889 2128 3950; x_wconf 85' lang='lat' dir='ltr'><strong>with</strong></span> <span class='ocrx_word' id='word_1_254' title='bbox 2174 3888 2414 3949; x_wconf 80' lang='lat' dir='ltr'><strong>Walter</strong></span> <span class='ocrx_word' id='word_1_255' title='bbox 2452 3889 2525 3949; x_wconf 86' lang='lat' dir='ltr'><strong>de</strong></span> <span class='ocrx_word' id='word_1_256' title='bbox 2571 3889 2635 3949; x_wconf 81' lang='lat' dir='ltr'><strong>la</strong></span> <span class='ocrx_word' id='word_1_257' title='bbox 2673 3890 2839 3950; x_wconf 74' lang='lat' dir='ltr'><strong>Baro</strong></span> 
     </span>
     <span class='ocr_line' id='line_1_29' title="bbox 620 3969 2837 4050; baseline -0.001 -17"><span class='ocrx_word' id='word_1_258' title='bbox 620 3973 770 4033; x_wconf 83' lang='lat' dir='ltr'><strong>have</strong></span> <span class='ocrx_word' id='word_1_259' title='bbox 819 3971 962 4032; x_wconf 76' lang='lat' dir='ltr'><strong>been</strong></span> <span class='ocrx_word' id='word_1_260' title='bbox 1001 3972 1295 4042; x_wconf 85' lang='lat' dir='ltr'><strong>removed,</strong></span> <span class='ocrx_word' id='word_1_261' title='bbox 1339 3971 1466 4031; x_wconf 84' lang='lat' dir='ltr'><strong>and</strong></span> <span class='ocrx_word' id='word_1_262' title='bbox 1505 3978 1670 4031; x_wconf 75' lang='lat' dir='ltr'><strong>must</strong></span> <span class='ocrx_word' id='word_1_263' title='bbox 1712 3970 1778 4030; x_wconf 87' lang='lat' dir='ltr'><strong>be</strong></span> <span class='ocrx_word' id='word_1_264' title='bbox 1820 3970 2120 4050; x_wconf 81' lang='lat' dir='ltr'><strong>replaced.</strong></span> <span class='ocrx_word' id='word_1_265' title='bbox 2234 3969 2399 4030; x_wconf 83' lang='lat' dir='ltr'><strong>John</strong></span> <span class='ocrx_word' id='word_1_266' title='bbox 2447 3969 2577 4029; x_wconf 83' lang='lat' dir='ltr'><strong>will</strong></span> <span class='ocrx_word' id='word_1_267' title='bbox 2616 3989 2837 4047; x_wconf 75' lang='lat' dir='ltr'><strong>convey</strong></span> 
     </span>
     <span class='ocr_line' id='line_1_30' title="bbox 608 4050 2835 4131; baseline -0.001 -17"><span class='ocrx_word' id='word_1_268' title='bbox 608 4052 864 4129; x_wconf 78' lang='lat' dir='ltr'><strong>further</strong></span> <span class='ocrx_word' id='word_1_269' title='bbox 915 4052 1316 4113; x_wconf 74' lang='lat' dir='ltr'><strong>instructions</strong></span> <span class='ocrx_word' id='word_1_270' title='bbox 1371 4071 1442 4112; x_wconf 73' lang='lat' dir='ltr'><strong>ae</strong></span> <span class='ocrx_word' id='word_1_271' title='bbox 1504 4059 1561 4112; x_wconf 92' lang='lat' dir='ltr'><strong>to</strong></span> <span class='ocrx_word' id='word_1_272' title='bbox 1621 4051 1717 4111; x_wconf 89' lang='lat' dir='ltr'><strong>the</strong></span> <span class='ocrx_word' id='word_1_273' title='bbox 1773 4052 1905 4111; x_wconf 82' lang='lat' dir='ltr'><strong>will</strong></span> <span class='ocrx_word' id='word_1_274' title='bbox 1943 4051 2014 4130; x_wconf 87' lang='lat' dir='ltr'><strong>os</strong></span> <span class='ocrx_word' id='word_1_275' title='bbox 2060 4050 2342 4110; x_wconf 84' lang='lat' dir='ltr'><strong>Richard</strong></span> <span class='ocrx_word' id='word_1_276' title='bbox 2384 4050 2510 4110; x_wconf 82' lang='lat' dir='ltr'><strong>and</strong></span> <span class='ocrx_word' id='word_1_277' title='bbox 2560 4050 2657 4111; x_wconf 88' lang='lat' dir='ltr'><strong>the</strong></span> <span class='ocrx_word' id='word_1_278' title='bbox 2691 4070 2835 4131; x_wconf 85' lang='lat' dir='ltr'><strong>pro-</strong></span> 
     </span>
     <span class='ocr_line' id='line_1_31' title="bbox 621 4134 1390 4195; baseline -0.004 0"><span class='ocrx_word' id='word_1_279' title='bbox 621 4134 932 4195; x_wconf 69' lang='lat' dir='ltr'><strong>curatione</strong></span> <span class='ocrx_word' id='word_1_280' title='bbox 975 4140 1043 4193; x_wconf 84' lang='lat' dir='ltr'><strong>at</strong></span> <span class='ocrx_word' id='word_1_281' title='bbox 1087 4134 1390 4193; x_wconf 75' lang='lat' dir='ltr'><strong>Cowarrze.</strong></span> 
     </span>
    </p>
   </div>
   <div class='ocr_carea' id='block_1_10' title="bbox 373 4285 2837 5007">
    <p class='ocr_par' dir='ltr' id='par_1_10' title="bbox 373 4285 2837 5007">
     <span class='ocr_line' id='line_1_32' title="bbox 537 4285 2833 4365; baseline -0.001 -14"><span class='ocrx_word' id='word_1_282' title='bbox 537 4288 1293 4365; x_wconf 69' lang='lat' dir='ltr'><strong>Ors1c1An1.—Magistro</strong></span> <span class='ocrx_word' id='word_1_283' title='bbox 1351 4287 1408 4348; x_wconf 83' lang='lat' dir='ltr'><strong>R</strong></span> <span class='ocrx_word' id='word_1_284' title='bbox 1429 4288 1688 4365; x_wconf 89' lang='lat' dir='ltr'><strong>[oberto]</strong></span> <span class='ocrx_word' id='word_1_285' title='bbox 1750 4287 1828 4348; x_wconf 90' lang='lat' dir='ltr'><strong>de</strong></span> <span class='ocrx_word' id='word_1_286' title='bbox 1892 4286 2307 4357; x_wconf 86' lang='lat' dir='ltr'><strong>Gloucestria,</strong></span> <span class='ocrx_word' id='word_1_287' title='bbox 2368 4285 2636 4348; x_wconf 89' lang='lat' dir='ltr'><strong>Officiali</strong></span> <span class='ocrx_word' id='word_1_288' title='bbox 2698 4306 2833 4359; x_wconf 90' lang='lat' dir='ltr'><strong>suo,</strong></span> 
     </span>
     <span class='ocr_line' id='line_1_33' title="bbox 374 4393 2835 4473; baseline -0.003 -12"><span class='ocrx_word' id='word_1_289' title='bbox 374 4396 668 4467; x_wconf 75' lang='lat' dir='ltr'><strong>salutem,</strong></span> <span class='ocrx_word' id='word_1_290' title='bbox 739 4402 860 4455; x_wconf 91' lang='lat' dir='ltr'><strong>etc.</strong></span> <span class='ocrx_word' id='word_1_291' title='bbox 957 4394 1342 4455; x_wconf 85' lang='lat' dir='ltr'><strong>Mandamus</strong></span> <span class='ocrx_word' id='word_1_292' title='bbox 1385 4393 1682 4472; x_wconf 87' lang='lat' dir='ltr'><strong>quatinus</strong></span> <span class='ocrx_word' id='word_1_293' title='bbox 1729 4394 2060 4473; x_wconf 90' lang='lat' dir='ltr'><strong>pecuniam</strong></span> <span class='ocrx_word' id='word_1_294' title='bbox 2119 4412 2157 4453; x_wconf 90' lang='lat' dir='ltr'><strong>a</strong></span> <span class='ocrx_word' id='word_1_295' title='bbox 2212 4393 2378 4453; x_wconf 88' lang='lat' dir='ltr'><strong>clero</strong></span> <span class='ocrx_word' id='word_1_296' title='bbox 2440 4393 2835 4471; x_wconf 85' lang='lat' dir='ltr'><strong>promissam,</strong></span> 
     </span>
     <span class='ocr_line' id='line_1_34' title="bbox 373 4498 2837 4579; baseline -0.002 -14"><span class='ocrx_word' id='word_1_297' title='bbox 373 4522 520 4565; x_wconf 87' lang='lat' dir='ltr'><strong>cum</strong></span> <span class='ocrx_word' id='word_1_298' title='bbox 575 4501 842 4562; x_wconf 88' lang='lat' dir='ltr'><strong>collecta</strong></span> <span class='ocrx_word' id='word_1_299' title='bbox 894 4500 1102 4571; x_wconf 79' lang='lat' dir='ltr'><strong>fuerit,</strong></span> <span class='ocrx_word' id='word_1_300' title='bbox 1163 4500 1422 4561; x_wconf 88' lang='lat' dir='ltr'><strong>consilio</strong></span> <span class='ocrx_word' id='word_1_301' title='bbox 1467 4500 1504 4561; x_wconf 80' lang='lat' dir='ltr'>J</span> <span class='ocrx_word' id='word_1_302' title='bbox 1527 4500 1844 4578; x_wconf 88' lang='lat' dir='ltr'><strong>[ohannis]</strong></span> <span class='ocrx_word' id='word_1_303' title='bbox 1909 4499 1987 4559; x_wconf 91' lang='lat' dir='ltr'><strong>de</strong></span> <span class='ocrx_word' id='word_1_304' title='bbox 2045 4498 2225 4560; x_wconf 87' lang='lat' dir='ltr'><strong>Clare</strong></span> <span class='ocrx_word' id='word_1_305' title='bbox 2265 4500 2332 4559; x_wconf 92' lang='lat' dir='ltr'><strong>in</strong></span> <span class='ocrx_word' id='word_1_306' title='bbox 2388 4500 2592 4560; x_wconf 85' lang='lat' dir='ltr'><strong>forma</strong></span> <span class='ocrx_word' id='word_1_307' title='bbox 2645 4520 2837 4579; x_wconf 89' lang='lat' dir='ltr'><strong>quam</strong></span> 
     </span>
     <span class='ocr_line' id='line_1_35' title="bbox 373 4605 2831 4685; baseline 0 -16"><span class='ocrx_word' id='word_1_308' title='bbox 373 4607 550 4675; x_wconf 67' lang='lat' dir='ltr'><strong>,vobis</strong></span> <span class='ocrx_word' id='word_1_309' title='bbox 593 4607 840 4677; x_wconf 83' lang='lat' dir='ltr'><strong>dixerit,</strong></span> <span class='ocrx_word' id='word_1_310' title='bbox 872 4605 1325 4667; x_wconf 84' lang='lat' dir='ltr'><strong>mercatoribus</strong></span> <span class='ocrx_word' id='word_1_311' title='bbox 1369 4605 1666 4675; x_wconf 89' lang='lat' dir='ltr'><strong>liberetis,</strong></span> <span class='ocrx_word' id='word_1_312' title='bbox 1698 4605 1798 4665; x_wconf 80' lang='lat' dir='ltr'><strong>vel</strong></span> <span class='ocrx_word' id='word_1_313' title='bbox 1838 4624 1951 4685; x_wconf 90' lang='lat' dir='ltr'><strong>per</strong></span> <span class='ocrx_word' id='word_1_314' title='bbox 1994 4605 2189 4665; x_wconf 88' lang='lat' dir='ltr'><strong>alium</strong></span> <span class='ocrx_word' id='word_1_315' title='bbox 2228 4605 2477 4666; x_wconf 88' lang='lat' dir='ltr'><strong>liberari</strong></span> <span class='ocrx_word' id='word_1_316' title='bbox 2519 4606 2831 4669; x_wconf 81' lang='lat' dir='ltr'><strong>faceretis.</strong></span> 
     </span>
     <span class='ocr_line' id='line_1_36' title="bbox 374 4711 2833 4792; baseline -0 -17"><span class='ocrx_word' id='word_1_317' title='bbox 374 4714 473 4775; x_wconf 84' lang='lat' dir='ltr'><strong>Ad</strong></span> <span class='ocrx_word' id='word_1_318' title='bbox 520 4714 638 4773; x_wconf 90' lang='lat' dir='ltr'><strong>hec</strong></span> <span class='ocrx_word' id='word_1_319' title='bbox 693 4732 838 4773; x_wconf 90' lang='lat' dir='ltr'><strong>cum</strong></span> <span class='ocrx_word' id='word_1_320' title='bbox 881 4711 984 4774; x_wconf 89' lang='lat' dir='ltr'><strong>CC</strong></span> <span class='ocrx_word' id='word_1_321' title='bbox 1032 4732 1240 4783; x_wconf 84' lang='lat' dir='ltr'><strong>marce</strong></span> <span class='ocrx_word' id='word_1_322' title='bbox 1290 4731 1450 4792; x_wconf 88' lang='lat' dir='ltr'><strong>quas</strong></span> <span class='ocrx_word' id='word_1_323' title='bbox 1501 4712 1807 4772; x_wconf 83' lang='lat' dir='ltr'><strong>Ricardus</strong></span> <span class='ocrx_word' id='word_1_324' title='bbox 1850 4711 1928 4772; x_wconf 88' lang='lat' dir='ltr'><strong>de</strong></span> <span class='ocrx_word' id='word_1_325' title='bbox 1972 4711 2345 4772; x_wconf 82' lang='lat' dir='ltr'><strong>Herefordia</strong></span> <span class='ocrx_word' id='word_1_326' title='bbox 2394 4712 2635 4791; x_wconf 86' lang='lat' dir='ltr'><strong>Rogero</strong></span> <span class='ocrx_word' id='word_1_327' title='bbox 2682 4714 2833 4788; x_wconf 89' lang='lat' dir='ltr'><strong>filio,</strong></span> 
     </span>
     <span class='ocr_line' id='line_1_37' title="bbox 375 4818 2836 4901; baseline 0 -19"><span class='ocrx_word' id='word_1_328' title='bbox 375 4821 457 4882; x_wconf 85' lang='lat' dir='ltr'><strong>ad</strong></span> <span class='ocrx_word' id='word_1_329' title='bbox 505 4824 710 4881; x_wconf 90' lang='lat' dir='ltr'><strong>certos</strong></span> <span class='ocrx_word' id='word_1_330' title='bbox 760 4837 932 4889; x_wconf 89' lang='lat' dir='ltr'><strong>usus,</strong></span> <span class='ocrx_word' id='word_1_331' title='bbox 985 4838 1130 4877; x_wconf 89' lang='lat' dir='ltr'><strong>cum</strong></span> <span class='ocrx_word' id='word_1_332' title='bbox 1187 4818 1267 4878; x_wconf 89' lang='lat' dir='ltr'><strong>ad</strong></span> <span class='ocrx_word' id='word_1_333' title='bbox 1315 4824 1550 4878; x_wconf 89' lang='lat' dir='ltr'><strong>etatem</strong></span> <span class='ocrx_word' id='word_1_334' title='bbox 1606 4819 1977 4897; x_wconf 89' lang='lat' dir='ltr'><strong>pervenerit,</strong></span> <span class='ocrx_word' id='word_1_335' title='bbox 2038 4820 2439 4897; x_wconf 85' lang='lat' dir='ltr'><strong>assignasset,</strong></span> <span class='ocrx_word' id='word_1_336' title='bbox 2491 4820 2836 4901; x_wconf 88' lang='lat' dir='ltr'><strong>eademque</strong></span> 
     </span>
     <span class='ocr_line' id='line_1_38' title="bbox 373 4922 2835 5007; baseline 0.001 -21"><span class='ocrx_word' id='word_1_337' title='bbox 373 4926 643 5007; x_wconf 89' lang='lat' dir='ltr'><strong>pecunia</strong></span> <span class='ocrx_word' id='word_1_338' title='bbox 696 4944 809 5004; x_wconf 89' lang='lat' dir='ltr'><strong>per</strong></span> <span class='ocrx_word' id='word_1_339' title='bbox 863 4922 1159 4984; x_wconf 86' lang='lat' dir='ltr'><strong>ballivum</strong></span> <span class='ocrx_word' id='word_1_340' title='bbox 1205 4928 1487 4985; x_wconf 89' lang='lat' dir='ltr'><strong>nostrum</strong></span> <span class='ocrx_word' id='word_1_341' title='bbox 1550 4924 2079 4986; x_wconf 81' lang='lat' dir='ltr'><strong>Herefordensem</strong></span> <span class='ocrx_word' id='word_1_342' title='bbox 2133 4924 2267 4985; x_wconf 85' lang='lat' dir='ltr'><strong>vice</strong></span> <span class='ocrx_word' id='word_1_343' title='bbox 2324 4940 2561 4999; x_wconf 87' lang='lat' dir='ltr'><strong>nostra,</strong></span> <span class='ocrx_word' id='word_1_344' title='bbox 2606 4932 2670 4987; x_wconf 86' lang='lat' dir='ltr'><strong>et</strong></span> <span class='ocrx_word' id='word_1_345' title='bbox 2724 4948 2835 5007; x_wconf 88' lang='lat' dir='ltr'><strong>per</strong></span> 
     </span>
    </p>
   </div>
  </div>
 </body>
</html>
