3619 5868
741 432 822 492 34
1379 432 1735 511 Reqistrum
1791 432 2011 493 Thome
2064 432 2138 494 dc
2198 432 2531 513 Cantilupo

741 682 888 742 Jan.
919 686 1016 751 22,
1047 682 1480 742 1276.-Wrz't
1519 690 1577 743 to
1617 683 1714 744 the
1755 682 1994 761 Sheriff
2027 683 2096 761 of
2135 682 2649 743 Gloucestershire
2694 689 2751 742 to
2788 702 3068 742 sammon
3110 682 3215 741 the

987 763 1148 823 Earl
1201 764 1270 842 of
1323 764 1670 823 Gloucester
1727 770 1784 823 to
1840 784 2070 843 appear
2138 763 2209 823 in
2280 764 2469 824 Court
2538 784 2611 823 m
2678 764 2917 843 dese-nce
2978 764 3051 841 os
3110 762 3211 822 his

985 844 1215 923 alleqed
1280 851 1542 923 trespass
1601 864 1680 905 on
1743 845 1842 905 the
1912 844 2198 923 Bishop’s
2267 844 2481 914 Cha-se,
2548 864 2617 904 as
2684 844 2781 904 the
2844 844 3079 923 batliffs
3148 843 3223 923 of

993 925 1386 1003 Tewkesbury
1435 926 1558 985 had
1603 932 1710 985 ‘not
1757 926 1931 985 acted
1978 946 2058 986 on
2107 926 2205 985 the
2255 924 2656 985 instructions
2707 924 2905 1003 qiven.

907 1079 1171 1142 Gor-mu
1213 1080 1522 1141 Courrau
1566 1078 2581 1165 Gnoucus‘ram.›—E[dwardus]‚
2624 1079 2747 1140 Dei
2786 1080 3017 1159 gracia,
3061 1086 3215 1151 etc..

745 1186 1114 1247 vicecomiti
1184 1185 1576 1247 Gloucestrie
1645 1186 1934 1247 salutem.
2046 1186 2436 1265 Precipimus
2504 1184 2617 1246 tibi
2700 1185 3004 1265 quatinus
3080 1204 3217 1245 nou

748 1292 1029 1363 omittas,
1085 1300 1342 1371 propter
1395 1291 1749 1352 libertatem
1807 1291 1885 1352 de
1942 1290 2371 1370 Thekesbyry,
2432 1292 2585 1371 quin
2641 1310 3044 1352 summoneas
3096 1310 3218 1370 per

747 1398 946 1459 bonos
993 1398 1479 1459 summonitores
1529 1398 1885 1459 Gilbertum
1934 1396 2013 1458 de
2069 1397 2271 1469 Clare,
2326 1396 2639 1458 Comitem
2690 1396 3088 1457 Gloucestrie
3146 1402 3215 1457 et

749 1504 1162 1575 Hertfortdie,
1214 1503 1382 1585 quod
1431 1504 1513 1564 sit
1561 1522 1775 1564 coram
1827 1502 2007 1565 nobis
2058 1504 2123 1563 in
2170 1502 2433 1565 Octabis
2484 1501 2957 1563 Purificacionis
3006 1501 3217 1562 Beate

748 1609 970 1682 Mat-ie,
1002 1609 1356 1689 ubicunque
1391 1614 1542 1669 tunc
1577 1608 1881 1670 fuerimus
1916 1608 1980 1669 in
2010 1608 2255 1687 Anglia,
2288 1607 2369 1668 ad
2406 1607 2915 1685 respondendum
2946 1607 3213 1679 Thome,

747 1716 1062 1796 Episcopo
1121 1715 1588 1789 Eerefordensi,
1645 1716 1724 1777 de
1793 1716 2027 1795 placito
2096 1734 2310 1797 quare,
2370 1722 2471 1776 etc
2478 1761 2909 1776 .....
2994 1734 3217 1793 grava·

744 1841 890 1883 men
939 1824 1012 1905 (v.
1059 1843 1120 1902 p.
1167 1824 1292 1903 23),
1336 1829 1399 1883 et
1442 1822 1608 1883 unde
1652 1828 1723 1883 tu
1773 1823 1910 1901 ipse
1957 1822 2139 1883 nobis
2188 1821 2508 1883 mandasti
2558 1821 2625 1881 in
2676 1820 2940 1883 Octabis
2992 1820 3215 1881 Sancti

747 1928 1000 1989 Hillarii
1071 1928 1234 2009 quod
1307 1947 1676 2008 preceperas
1745 1927 1995 1990 ballivis
2063 1927 2341 2006 predicte
2412 1926 2721 1988 libertatis
2790 1926 2958 2005 quod
3042 1945 3215 1987 sum-

747 2042 1076 2096 monerent
1125 2054 1236 2114 per
1277 2033 1476 2096 bonos
1524 2036 2013 2096 summonitores
2054 2034 2406 2115 predictum
2452 2034 2786 2105 Comitem,
2830 2034 3001 2114 quod
3044 2040 3214 2094 esset

749 2160 960 2202 coram
1032 2140 1213 2201 nobis
1277 2140 1357 2200 ad
1419 2140 1696 2201 eundum
1766 2140 2130 2213 terminum,
2198 2141 2278 2201 ad
2347 2139 2856 2220 respondendum
2926 2138 3215 2219 predicto

747 2244 1064 2324 Episcopo
1106 2245 1185 2305 de
1225 2245 1509 2325 predicto
1549 2245 1804 2325 placito,
1850 2246 1957 2325 qui
1998 2245 2191 2306 nichil
2234 2245 2383 2307 inde
2423 2245 2728 2306 fecerunt.
2832 2246 2920 2305 Et
2972 2246 3212 2307 habeas

746 2349 834 2411 ibi
905 2350 1162 2411 nomina
1231 2350 1757 2412 summonitor-um
1828 2360 1893 2411 et
1962 2351 2081 2411 hoc
2154 2355 2358 2413 breve.
2470 2352 2659 2413 Teste
2693 2352 3061 2433 ·R[adul{o]
3134 2352 3216 2413 de

747 2454 1135 2535 Hengham,²
1175 2456 1301 2534 xxij
1363 2456 1462 2517 die
1516 2455 1554 2516 J
1560 2456 1825 2530 aunarii,
1872 2476 2041 2517 auno
2096 2458 2270 2536 regni
2324 2457 2525 2518 nostri
2578 2464 2826 2539 quarto.

746 2715 892 2775 Ja‘n.
922 2714 1402 2775 27.—Nicholas
1431 2714 1503 2774 de
1537 2712 1841 2792 Hereford
1875 2713 1931 2773 is
1969 2713 2227 2775 collated
2263 2720 2321 2773 to
2358 2713 2455 2775 the
2488 2714 2648 2791 office
2684 2714 2758 2793 os
2782 2714 3210 2792 Pmitentiary

987 2816 1068 2957 g?
1093 2795 1200 2938 ttllzzg
1231 2794 1549 2938 ZZZ-lgm
1579 2796 1650 2874 os
1674 2794 2037 2855 continuom
2071 2794 2375 2855 residem-e
2413 2794 2540 2855 and
2566 2796 2857 2875 personal
2888 2796 3210 2873 discharqe

922 3033 1301 3094 Insmwmo
1382 3049 1889 3093 murmurium
1980 3031 2971 3105 Hnanronnunsts.—-Thomas,
3060 3041 3205 3104 etc„

743 3140 1054 3200 Nicholao
1110 3139 1188 3200 de
1246 3138 1636 3209 Herefordia,
1687 3138 2055 3218 presbiter0,
2110 3139 2403 3210 salutem,
2450 3145 2572 3198 etc.
2674 3138 3206 3199 Penitenciariam

741 3244 1027 3307 Ecclesie
1096 3252 1310 3306 nostre
1388 3244 1871 3306 Herefordensis
1948 3244 2064 3305 tibi
2138 3245 2523 3306 contulimus
2590 3244 2829 3306 intuitu
2900 3245 3205 3318 caritatis,

738 3350 1081 3412 tenendam
1139 3358 1202 3410 et
1257 3350 1616 3411 habendam
1671 3349 2019 3410 secundum
2074 3349 2595 3411 consuetudinem
2646 3350 2933 3411 Eeclesie
2990 3369 3202 3430 supra-

741 3457 930 3529 dicte,
974 3457 1067 3517 ita
1105 3457 1272 3536 quod
1313 3457 1612 3517 continue
1652 3456 1718 3516 in
1771 3455 2061 3517 Ecclesia
2102 3458 2239 3536 ipsa
2290 3455 2583 3528 resideas,
2628 3465 2691 3518 et
2734 3476 2845 3536 per
2888 3465 2952 3519 te
2996 3457 3197 3536 ipsum

737 3581 1034 3624 exerceas
1075 3563 1346 3624 officium
1391 3562 1845 3641 supradictum.
1934 3564 2010 3622 In
2054 3563 2256 3642 cujus,
2286 3573 2409 3624 etc.
2498 3563 2736 3624 Datum
2772 3564 2941 3642 apud
2979 3564 3199 3644 Shyre·

740 3670 957 3741 burne,
1003 3671 1063 3748 vj
1111 3667 1432 3730 Kalendas
1475 3667 1821 3739 Februarii,
1868 3687 2037 3729 anno
2082 3669 2338 3730 Domini
2384 3669 2819 3731 M0GO0LXX0
2859 3669 3101 3749 quinto,

739 3939 887 3998 Jan.
918 3937 1398 4098 23—3122nc2ctte
1441 3937 1640 4078 {ollthe
1683 3937 2159 4015 Hebdomadary
2205 3945 2262 3998 to
2304 3937 2520 3998 induet
2564 3937 2860 3998 Nicholas
2903 3939 2977 3998 dc
3022 3939 3202 3998 Herc-

1015 4039 1082 4079 or
1193 4040 1226 4078 ο
1313 4038 1368 4079 ts
1411 4039 1438 4078 s
1470 4040 1510 4078 a
1564 4066 1575 4078 .

903 4177 1199 4237 Lamnas:
1269 4177 2110 4248 nxnoumoma-Thomas,
2176 4185 2319 4248 etc„
2387 4177 2856 4238 Ebdomadario
2920 4177 3204 4239 Ecclesie

741 4282 1224 4344 Herefordensis
1280 4282 1572 4355 salutem,
1629 4291 1750 4343 etc.
1866 4282 2031 4358 Quia
2084 4282 2603 4362 penitenciariam
2660 4283 2949 4344 Ecclesie
3006 4285 3201 4344 Here·

739 4389 1050 4452 fordensis
1106 4388 1338 4449 dilecto
1399 4389 1548 4460 filio,
1616 4389 1927 4450 Nicholao
1989 4389 2067 4449 de
2131 4387 2524 4462 Herefordia‚
2588 4389 2959 4468 presbitero,
3022 4389 3204 4450 latori

737 4495 1154 4576 presencium,
1219 4495 1602 4556 contulimus
1664 4496 1903 4556 intuitu
1972 4495 2280 4570 caritatis,
2344 4496 2523 4558 vobis
2592 4496 2971 4556 mandamus
3041 4495 3207 4576 quod

737 4603 945 4680 ipsum
997 4601 1052 4660 N
1061 4600 1376 4660 icholaum
1435 4601 1501 4660 in
1559 4601 1949 4680 corporalem
2006 4602 2469 4680 possessionem
2527 4601 2693 4663 dicte
2754 4602 3204 4681 penitenciarie

866 4734 1188 4780 l-Hengham
1214 4745 1316 4775 was
1343 4733 1480 4775 made
1507 4733 1643 4776 chief
1666 4735 1853 4775 «rustice
1878 4739 1930 4775 at
1956 4735 2039 4776 the
2066 4742 2151 4781 age
2168 4733 2219 4776 of
2242 4734 2395 4782 thirty
2415 4734 2489 4777 for
2514 4735 2591 4776 his
2616 4739 2751 4782 great
2777 4735 2899 4782 legal
2925 4736 3207 4783 knowledge.

740 4803 811 4842 He
838 4813 940 4843 was
969 4798 1185 4841 removed
1212 4800 1330 4841 with
1356 4801 1494 4841 other
1517 4801 1684 4847 judges
1713 4801 1758 4840 in
1791 4803 1901 4846 1298.
1932 4801 2015 4842 but
2044 4801 2081 4842 it
2107 4813 2210 4842 was
2236 4801 2341 4842 said
2369 4803 2425 4842 he
2442 4801 2553 4848 only
2571 4803 2751 4842 altered
2772 4801 2817 4841 in
2838 4803 2921 4843 the
2941 4802 3104 4843 record
3122 4814 3207 4843 one

735 4867 876 4909 mark
900 4870 952 4908 to
979 4879 1008 4908 a
1036 4865 1136 4908 half
1161 4865 1236 4908 for
1261 4879 1291 4908 a
1318 4879 1430 4913 poor
1454 4866 1727 4908 defendant.
1783 4868 1856 4908 He
1882 4879 1984 4908 was
2010 4866 2297 4909 afterwards
2324 4867 2459 4909 chief
2483 4867 2668 4909 Justice
2693 4867 2743 4909 of
2768 4869 2999 4910 Common
3030 4869 3181 4910 Pleas.
