3619 5868
447 1604 546 1646 Fol-
573 1605 622 1644 (u

745 419 867 480 238
1361 474 1366 479 .
1409 416 1765 496 chistrum
1822 416 2040 478 Thome
2094 415 2168 476 dc
2224 415 2557 495 Cantilupo

913 643 1205 714 Thomas,
1248 648 1388 713 etc„
1432 643 1688 703 Decano
1732 643 1811 703 de
1854 642 2133 712 Foresta,
2178 640 2465 711 salutem,
2508 645 2627 700 etc.
2710 639 2789 698 In
2832 637 3232 699 visitacioni-

753 749 872 810 bus
920 747 1204 828 pluribus
1251 749 1557 809 hactenus
1606 748 1790 808 factis
1838 747 1905 806 in
1953 747 2215 808 ecclesia
2255 746 2595 826 parochiali
2636 746 2713 807 de
2754 745 3235 824 Chyrchamme

751 854 1110 915 invenimus
1146 873 1260 933 pro
1295 853 1610 914 constanti
1647 852 1950 914 vicarium
1988 857 2052 914 et
2088 852 2421 913 diaconum
2464 851 2745 931 ejusdem
2786 851 3063 922 ecclesie,
3108 850 3231 930 qui

752 979 871 1038 pro
914 963 1196 1038 tempore
1242 957 1512 1029 fuerunt,
1542 963 1690 1019 ante
1721 957 1980 1018 ultimos
2025 957 2159 1018 dies
2204 957 2468 1027 Andree,
2498 956 2815 1036 quondam
2841 955 3054 1017 vicarii
3094 955 3231 1016 loci

749 1065 1052 1144 ejusdem,
1101 1063 1168 1122 in
1213 1063 1492 1124 manerio
1548 1062 1811 1123 Abbatis
1864 1068 1929 1124 et
1986 1063 2351 1123 Conventus
2408 1061 2799 1124 Gloucestrie
2852 1063 3029 1142 juxta
3074 1081 3226 1140 pre-

751 1167 948 1230 fatam
1005 1167 1332 1229 ecclesiam
1387 1172 1849 1228 commorantes
1903 1166 2114 1236 fuisse,
2160 1172 2226 1228 et
2274 1167 2353 1226 ad
2400 1187 2685 1228 mensam
2732 1186 2967 1237 eorum,
3016 1186 3229 1246 eoque

753 1277 1036 1352 tempore
1090 1272 1354 1333 eandem
1409 1271 1737 1332 ecclesiam
1792 1270 2019 1332 debitis
2072 1277 2139 1332 et
2193 1272 2435 1333 devotis
2483 1271 2799 1351 obsequiis
2850 1271 3189 1351 precellere
3198 1291 3221 1342 3

751 1385 818 1442 et
874 1380 1147 1449 tandem,
1188 1398 1304 1459 pro
1357 1378 1633 1439 utilitate
1685 1377 1903 1438 vicarii
1956 1383 2021 1438 et
2068 1377 2315 1439 diaconi
2367 1378 2791 1458 predictorum
2846 1398 2920 1438 ac
2972 1377 3221 1457 religio-

751 1505 968 1548 sorum
1022 1485 1321 1565 ipsorum,
1377 1489 1613 1544 certam
1674 1483 2053 1562 porcionem,
2114 1484 2190 1544 de
2250 1484 2591 1544 earundem
2652 1483 2933 1562 parcium
2994 1488 3223 1543 mutuo

754 1609 1084 1662 consensu,
1131 1589 1212 1651 de
1266 1589 1448 1650 bonis
1502 1588 1783 1668 ipsorum
1838 1587 2267 1668 religiosorum
2324 1589 2403 1648 ad
2456 1608 2617 1668 opus
2672 1589 2953 1668 ejusdem
3000 1589 3219 1648 vicarii

751 1697 1135 1777 assignatam
1176 1697 1388 1767 fuisse,
1430 1716 1556 1776 qua
1597 1695 1662 1754 in
1704 1695 1957 1775 propria
1998 1716 2217 1756 mensa
2258 1715 2327 1757 se
2369 1696 2607 1757 alerent
2648 1701 2823 1757 extra
2865 1697 3215 1756 manerium

753 1802 1177 1872 antedictum;
1242 1807 1498 1882 propter
1558 1801 1725 1882 quod
1784 1801 1990 1863 dictus
2049 1801 2346 1872 Andreae,
2406 1807 2470 1864 et
2533 1803 2670 1882 ejus
2728 1823 3052 1864 successor
3108 1803 3217 1883 qui

751 1910 885 1990 jam
933 1908 1250 1970 ministrat
1300 1909 1366 1968 in
1416 1908 1554 1987 ipsa
1609 1908 1891 1979 ecclesia,
1933 1909 2101 1988 apud
2155 1909 2484 1970 ecclesiam
2538 1910 2615 1970 de
2664 1909 2923 1988 Balleye
2961 1910 3218 1989 penitus

753 2019 1233 2084 commorantes,
1275 2019 1348 2074 ut
1397 2013 1596 2093 magis
1646 2014 1764 2074 sibi
1813 2019 2158 2094 parcerent,
2204 2015 2538 2076 diaconum
2584 2015 2921 2076 noluerunt
2968 2015 3218 2086 habere,

753 2125 820 2181 et
867 2120 1070 2199 ipsam
1119 2119 1447 2180 ecclesiam
1498 2120 1824 2180 matricem
1873 2121 1951 2181 de
2000 2121 2505 2200 Chyrchhamme
2554 2119 2787 2201 absque
2828 2121 3113 2181 custodia
3154 2126 3220 2183 et

753 2224 966 2286 debito
1006 2224 1210 2285 officio
1251 2245 1450 2304 usque
1491 2245 1678 2295 nunc,
1721 2245 1849 2285 non
1891 2225 2127 2304 absque
2168 2226 2509 2286 multarum
2550 2226 2901 2286 animarum
2941 2226 3219 2305 periculo

752 2336 819 2393 et
877 2331 998 2391 Dei
1057 2330 1482 2401 irreverencia,
1542 2329 1934 2392 dimiserunt.
2046 2331 2351 2406 Quocirca
2416 2331 2595 2392 vobis
2663 2333 3036 2392 mandamus
3094 2331 3217 2392 dis-

756 2436 940 2497 tricte
977 2436 1272 2516 quatinus
1307 2436 1508 2497 dictos
1534 2435 1857 2516 religiosos
1890 2437 2189 2497 canonice
2217 2437 2525 2498 moneatis
2552 2436 2738 2516 quod,
2767 2437 2925 2496 citra
2956 2436 3219 2496 Festum

757 2541 1289 2603 Annunciacionis
1370 2542 1718 2612 Dominice‚
1789 2563 1999 2603 aream
2080 2548 2541 2622 competentem
2609 2563 2804 2622 prope
2871 2541 3217 2612 ecclesiam,

757 2670 968 2711 acram
1023 2655 1088 2710 et
1142 2649 1464 2709 dimidiam
1519 2650 1949 2710 continentem
2005 2651 2084 2710 ad
2133 2650 2360 2721 minue,
2408 2650 2477 2709 in
2532 2670 2656 2729 qua
2701 2649 2971 2710 vicarius
3017 2649 3221 2728 possit

757 2755 978 2816 domos
1020 2755 1222 2816 facere
1263 2760 1327 2816 et
1368 2756 1616 2826 morari,
1659 2755 1835 2817 vobis
1878 2756 2216 2835 assignent,
2256 2761 2320 2816 et
2361 2755 2529 2836 quod
2569 2755 2647 2817 de
2679 2756 2887 2835 aliquo
2920 2755 3220 2816 meremio

759 2861 838 2922 ad
886 2861 1303 2921 edificandum
1359 2861 1742 2940 competenti
1795 2861 2097 2922 vicarium
2153 2861 2476 2922 inveniant
2531 2862 2818 2932 eundem,
2882 2867 2991 2920 aut
3052 2859 3221 2941 quod

759 2970 916 3029 citra
958 2968 1124 3028 idem
1167 2973 1417 3046 tempus
1459 2968 1759 3028 vicarium
1802 2974 1867 3029 et
1914 2968 2247 3029 diaconum
2297 2969 2375 3029 ad
2417 2988 2601 3029 suum
2644 2968 2993 3029 manerium
3034 2973 3098 3029 et
3138 2967 3221 3026 ad

759 3093 1062 3144 mensam,
1113 3074 1277 3135 sicut
1334 3073 1484 3133 olim
1543 3080 2003 3135 consueverunt
2061 3094 2217 3145 esse,
2267 3079 2607 3144 resumant,
2656 3074 2969 3153 porcionis
3026 3072 3219 3152 assig-

759 3180 1023 3240 nacione
1090 3180 1373 3252 rescissa,
1438 3179 1554 3241 sub
1622 3200 1786 3259 pena
1854 3180 1916 3239 xl
1978 3180 2319 3242 solidorum
2374 3180 2429 3241 si
2483 3200 2682 3260 usque
2736 3180 2816 3240 ad
2870 3179 3221 3260 predictum

758 3290 1011 3364 tempus
1079 3285 1268 3363 hujus
1337 3284 1618 3364 opcionis
1689 3286 2040 3347 membrum
2108 3292 2445 3366 utrumque
2512 3286 2765 3347 effectui
2834 3286 3221 3365 neglexerint

759 3391 1132 3470 mancipare.
1221 3390 1286 3451 Si
1325 3396 1556 3461 tamen,
1594 3396 1667 3451 ut
1703 3392 1943 3452 dictum
1980 3398 2095 3463 est,
2131 3412 2339 3453 aream
2378 3397 2839 3471 competentem
2878 3392 3217 3471 assignent,

757 3497 1049 3558 volumus
1097 3498 1264 3576 quod
1312 3496 1380 3556 in
1429 3497 2083 3576 recompensacionem
2132 3518 2291 3569 aree,
2335 3498 2412 3558 de
2466 3497 2761 3577 porcione
2800 3496 3016 3557 vicarii
3069 3496 3216 3557 allo-

759 3602 1080 3664 cacionem
1161 3602 1506 3672 deducant;
1578 3602 1728 3661 dum
1798 3607 1925 3662 tam
1933 3624 2011 3664 en
2082 3603 2397 3682 porcionis
2463 3602 2803 3672 residuum,
2874 3602 3217 3663 secundum

759 3708 1090 3769 facultates
1133 3707 1409 3777 ecclesie,
1440 3707 1519 3767 ad
1561 3708 2093 3769 sustentacionem
2120 3708 2334 3769 vicarii
2376 3712 2442 3768 et
2484 3706 2727 3767 diaconi
2762 3705 3219 3767 racionabiliter

759 3814 1042 3876 sufficere
1070 3814 1369 3874 videatur.
1455 3812 1621 3873 Item
1664 3815 1973 3874 moneatis
2014 3814 2215 3875 dictos
2248 3813 2569 3892 religiosos
2596 3818 2662 3873 et
2694 3812 2995 3873 vicarium
3033 3812 3213 3891 quod,

759 3920 918 3980 citra
957 3919 1308 3998 predictum
1356 3918 1618 3979 Festum
1661 3918 2209 3991 Annunciacionis,
2254 3919 2511 3979 calicem
2559 3919 2625 3978 in
2673 3917 2936 3979 ecclesia
2984 3937 3213 3978 memo-

757 4032 896 4087 rata
950 4025 1334 4104 provideant,
1398 4024 1504 4104 qui
1563 4025 1860 4086 continue
1915 4024 2145 4085 ibidem
2193 4029 2552 4095 remaneat;
2617 4044 2691 4083 ac
2738 4044 2883 4083 cum
2931 4024 3215 4102 provisus

758 4131 964 4201 fuerit,
1004 4150 1213 4191 coram
1257 4129 1520 4191 officiali
1564 4135 1779 4190 nostro
1820 4136 2041 4210 postea
2082 4130 2462 4191 discuciatur
2502 4130 2609 4209 qui
2650 4130 2920 4190 eundem
2960 4128 3217 4189 calicem

759 4237 984 4298 debeat
1041 4236 1391 4316 aequitare;
1451 4241 1515 4295 et
1573 4235 1693 4296 hoc
1747 4236 2113 4315 injungatur
2168 4235 2284 4297 sub
2338 4256 2503 4315 pena
2556 4235 2843 4313 superius
2898 4239 3215 4295 annotata.

759 4335 928 4395 Item
984 4334 1292 4394 moneatis
1349 4332 1588 4393 dictum
1637 4333 1941 4393 vicarium
1990 4334 2173 4413 quod,
2218 4334 2271 4394 si
2320 4353 2529 4394 aream
2572 4332 2733 4392 infra
2782 4332 3021 4392 dictum
3061 4337 3216 4393 tem-

758 4452 878 4512 pus
960 4429 1266 4500 habuerit,
1350 4429 1517 4510 quod
1600 4450 1738 4491 eam
1823 4450 1967 4490 cum
2051 4430 2223 4490 omni
2308 4430 2717 4491 festinacione
2798 4449 2923 4509 qua
3010 4434 3221 4508 potest

759 4530 1025 4599 edificet,
1075 4534 1139 4590 et
1194 4548 1334 4587 eam
1391 4527 1548 4587 citra
1603 4528 1865 4588 Festum
1921 4528 2105 4589 Beati
2164 4528 2491 4588 Michaelis
2545 4526 2831 4605 proximo
2886 4532 3221 4587 venturum

758 4626 1086 4697 inhabitet,
1151 4631 1214 4686 et
1277 4625 1608 4685 diaconum
1673 4626 1789 4685 sibi
1853 4625 2177 4704 provideat
2245 4626 2310 4685 in
2380 4624 2640 4686 ecclesia
2706 4628 3219 4684 commorantem.

761 4726 1247 4802 Crassetumque
1296 4722 1360 4781 in
1411 4722 1547 4801 ipsa
1592 4722 1821 4783 habeat
1870 4724 2166 4784 continue
2222 4724 2447 4783 ardens
2502 4722 2579 4782 de
2626 4726 2829 4791 nocte,
2887 4720 3004 4781 sub
3056 4741 3221 4800 pena

760 4821 1137 4903 privacionis
1185 4818 1413 4881 vicarie
1458 4840 1581 4899 quo
1624 4821 1702 4881 ad
1751 4821 2218 4882 edificacionem
2260 4826 2324 4882 et
2364 4818 2911 4889 inhabitacionem,
2954 4824 3017 4880 et
3056 4838 3223 4898 pena
