3619 5868
800 411 921 468 248
1427 409 1790 486 Reqistrum
1847 409 2066 470 Thom
2118 409 2193 470 de
2253 409 2585 488 Cantilupo

801 635 1162 715 premissis;
1227 635 1327 696 cui
1382 635 1580 695 eciam
1637 633 1969 694 scribimus
2024 634 2102 694 de
2156 633 2426 704 eisdem;
2486 633 2575 694 ita
2630 639 2720 704 ut,
2778 639 2989 694 vestro
3036 640 3107 694 et
3157 654 3270 695 suo

805 761 1108 821 responso
1149 747 1419 821 recepte,
1463 741 1630 820 quod
1671 741 1788 800 erit
1830 740 2185 800 faciendum
2228 739 2431 801 facere
2471 740 2808 801 valeamus.
2904 740 3268 819 Transcrip-

812 853 951 907 tum
1009 853 1220 908 autem
1276 853 1556 909 actorum
1614 846 2038 925 predictorum
2092 852 2191 906 est
2232 846 2657 925 conscriptum
2700 846 2764 905 in
2808 847 3003 906 tercio
3040 846 3271 906 ultimo

801 953 1086 1033 proximo
1141 959 1446 1032 quaterno
1500 953 1891 1032 precedente.

811 1193 964 1272 July
1005 1193 1396 1253 25.—Letter
1443 1200 1500 1252 to
1551 1192 1648 1252 the
1701 1192 2060 1253 Chaucellor
2106 1192 2328 1271 askinq
2378 1192 2507 1252 him
2557 1201 2615 1253 to
2658 1193 2793 1254 take
2834 1194 3077 1254 counsel
3118 1193 3271 1253 with

1051 1273 1147 1334 his
1185 1274 1432 1353 friends
1477 1274 1603 1333 and
1645 1280 1800 1333 state
1846 1273 1942 1334 his
1984 1273 2210 1333 des-ires
2252 1295 2323 1334 as
2366 1280 2425 1334 to
2469 1274 2564 1334 his
2606 1275 2879 1353 nephews
2922 1275 3105 1336 Peter
3144 1275 3269 1335 and

1048 1355 1335 1427 PonciuS,
1387 1354 1512 1414 and
1565 1361 1622 1414 to
1667 1361 1869 1433 report
1908 1353 2075 1414 what
2118 1354 2189 1415 he
2232 1354 2440 1415 thinks
2486 1355 2580 1416 his
2624 1355 2863 1416 brother
2901 1356 3037 1415 will
3074 1357 3157 1416 do
3198 1377 3265 1417 as

1051 1435 1298 1513 reyards
1352 1435 1449 1496 the
1497 1442 1684 1495 estate
1733 1443 1801 1495 at
1854 1435 2217 1506 Charenton,
2267 1436 2459 1496 where
2511 1437 2607 1496 the
2662 1436 3117 1516 dilapidatione·
3168 1459 3271 1498 are

1045 1537 1186 1594 'very
1227 1537 1424 1595 §rave-

967 1661 1423 1722 CANGELLAmo
1459 1660 2375 1731 Ennnronnnns1.—Thomas,
2411 1667 2549 1732 etc„
2590 1663 2843 1723 domino
2881 1664 3265 1744 E[merico],

805 1767 1190 1829 Cancellario
1233 1767 1699 1836 Herefordensi,
1743 1767 2029 1836 salutem,
2074 1774 2191 1827 etc.
2291 1767 2704 1828 Venientibus
2746 1769 2823 1828 ad
2865 1789 2981 1829 nos
3024 1771 3265 1849 nepoti-

809 1873 926 1933 bus
974 1873 1219 1942 vestris,
1263 1873 1497 1932 Poncio
1546 1878 1611 1932 et
1659 1873 1867 1942 Petro,
1919 1872 2099 1932 nobis
2149 1873 2580 1952 supplicarunt
2628 1874 2793 1953 quod
2842 1874 2919 1934 de
2959 1876 3267 1954 porcioni-

805 1977 924 2037 bus
959 1977 1090 2037 suis
1124 1977 1200 2036 de
1235 1977 1622 2055 Bromyarde
1656 1977 1891 2037 eisdem
1928 1977 2284 2038 ulteriorem
2317 1979 2589 2057 gracia-m
2620 1979 2995 2050 faceremus3
3042 1981 3268 2060 quibus

804 2083 1076 2144 diximus
1117 2083 1302 2163 quod,
1339 2083 1496 2143 scita
1529 2088 1593 2142 et
1632 2083 1950 2143 intellecta
1988 2103 2175 2162 super
2212 2084 2332 2144 hoc
2368 2090 2577 2144 vestra
2615 2086 3004 2146 consciencia.
3038 2093 3102 2147 et
3140 2088 3262 2148 vol-

805 2194 1045 2260 untate,
1095 2188 1252 2249 citra
1309 2188 1567 2249 Festum
1622 2189 1837 2249 Sancti
1893 2189 2223 2250 Michaelis
2271 2210 2383 2269 per
2436 2211 2737 2262 mensem,
2780 2192 2937 2252 velle
2978 2199 3265 2253 nostrum

806 2296 899 2356 eis
942 2299 1230 2355 constare
1268 2295 1513 2373 plenius
1553 2294 1916 2354 faceremus.
2018 2295 2357 2374 Propterea
2397 2295 2574 2356 vobis
2616 2295 3039 2375 significamus
3081 2299 3266 2377 quod,

805 2401 1146 2462 deliberato
1209 2401 1468 2460 consilio
1531 2421 1672 2460 cum
1739 2399 2054 2479 magistris
2120 2401 2289 2460 Luca
2350 2401 2448 2478 [de
2513 2400 2661 2478 Bre]
2728 2406 2792 2461 et
2853 2401 3129 2462 Roberto
3192 2404 3265 2462 de

805 2507 1200 2567 Gloucestria
1259 2512 1323 2566 et
1367 2506 1504 2566 aliis
1560 2505 1785 2566 vestris
1842 2506 2078 2576 amicis,
2137 2506 2316 2566 nobis
2366 2527 2553 2586 super
2599 2507 2857 2586 negocio
2904 2508 3265 2587 hujusmodi

801 2611 1159 2673 rescribatis
1201 2612 1368 2691 quod
1409 2611 1689 2672 videritis
1731 2610 2215 2671 rescribendum.
2318 2612 2412 2671 Ad
2454 2613 2573 2672 hoc
2616 2611 2791 2673 vobis
2832 2633 3033 2692 nuper
3073 2615 3261 2692 scrip-

803 2718 1001 2778 simus
1060 2718 1136 2778 de
1195 2717 1376 2777 bonis
1433 2717 1658 2776 vestris
1717 2716 1885 2795 apud
1942 2717 2337 2777 Charentone
2393 2717 2693 2787 emendis,
2750 2717 2847 2778 vel
2903 2719 2979 2778 de
3028 2719 3261 2780 eisdem

801 2844 1074 2884 unacum
1117 2823 1406 2911 domibus
1447 2824 1528 2882 ad
1555 2822 1800 2883 firmam
1832 2823 2221 2901 recipiendis,
2253 2823 2467 2882 habito
2496 2830 2783 2902 respectu
2812 2825 2891 2884 ad
2931 2825 3260 2885 deteriora-

803 2930 1049 2992 cionem
1092 2931 1414 2990 vinearum
1454 2936 1517 2991 et
1556 2930 1903 2999 domorum,
1947 2950 2068 3010 que
2106 2930 2305 3009 major
2342 2938 2457 3000 est,
2496 2931 2916 3010 periculosior,
2950 2938 3015 2991 et
3052 2952 3259 3010 sump-

800 3038 1041 3097 tuosior
1102 3056 1291 3116 quam
1355 3036 1640 3095 credatis.
1769 3036 2031 3096 Necnon
2096 3036 2273 3095 vobis
2334 3036 2757 3115 significamus
2819 3037 2986 3116 quod
3048 3038 3261 3097 habito

801 3143 1062 3205 consilio
1125 3162 1269 3202 cum
1333 3142 1558 3203 vestris
1614 3141 1793 3202 nobis
1850 3141 2205 3203 rescribatis
2260 3142 2428 3221 quod
2488 3142 2552 3200 in
2610 3143 2709 3203 via
2764 3143 3259 3222 composicionis,

801 3250 1068 3319 realiter,
1126 3248 1224 3308 vel
1281 3248 1606 3308 nobiscum
1671 3248 1751 3307 ad
1812 3252 2082 3328 tempus,
2139 3249 2216 3309 de
2277 3248 2445 3308 dicto
2509 3249 2785 3309 manerio
2842 3250 3043 3309 facere
3106 3249 3259 3309 velle

801 3356 1056 3417 creditis
1096 3353 1354 3414 fratrem
1395 3360 1693 3424 vestrum,
1734 3360 1803 3413 ut
1844 3354 1951 3424 sic,
1996 3353 2203 3433 aliqua
2243 3354 2729 3433 prescriptamm
2766 3355 3005 3413 viarum
3046 3355 3257 3423 electa,

801 3482 922 3542 que
964 3461 1027 3520 in
1079 3460 1370 3520 universo
1427 3467 1577 3520 sunt
1632 3466 1917 3539 quatuor,
1973 3461 2288 3540 possimus
2345 3481 2460 3521 nos
2516 3462 2613 3521 vel
2668 3481 2780 3521 vos
2835 3462 2912 3520 ad
2968 3462 3254 3523 emenda-

800 3568 1064 3636 cionem,
1107 3567 1205 3627 vel
1248 3565 1470 3627 saltem
1515 3568 2065 3637 sustentacionem,
2110 3568 2437 3627 domorum
2480 3574 2544 3628 et
2584 3568 2925 3640 vinearum,
2968 3574 3259 3647 sumptus

801 3674 1081 3735 securius
1118 3672 1321 3732 facere
1360 3672 1645 3751 quamvis
1687 3692 1924 3747 graves.
2010 3674 2095 3733 Et
2138 3694 2325 3753 super
2366 3674 2687 3753 premissis
2728 3681 3001 3734 vestram
3044 3674 3253 3734 volun-

803 3785 998 3840 tatem
1041 3798 1155 3857 per
1194 3779 1465 3857 aliquem
1507 3778 2029 3839 intervenientem
2071 3779 2251 3839 nobis
2294 3779 2575 3839 celeriter
2614 3779 2985 3840 rescribatis.
3084 3779 3257 3839 Bene

796 3884 1076 3946 valeatis.
1189 3883 1424 3942 Datum
1482 3883 1648 3961 apud
1705 3882 2120 3954 Charentone,
2165 3884 2228 3941 in
2286 3884 2476 3945 Festo
2534 3885 2747 3945 Sancti
2803 3884 3038 3945 Jacobi.

806 4144 960 4221 Auq.
1021 4141 1500 4202 12.—Mandate
1565 4149 1622 4201 to
1679 4143 1906 4203 Robert
1967 4142 2038 4220 of
2096 4141 2443 4202 Glouoeste‘r
2505 4149 2561 4202 to
2610 4143 2823 4204 col-late
2870 4144 3107 4223 Philip,
3160 4144 3255 4204 the

1046 4222 1288 4301 nephew
1345 4223 1415 4301 os
1462 4223 1736 4293 ArdiciO,
1783 4231 1841 4284 to
1899 4222 1995 4283 the
2036 4223 2301 4302 prebend
2349 4223 2420 4301 of
2454 4223 2795 4284 Inkberrow
2838 4226 2908 4284 in
2958 4225 3055 4285 the
3093 4245 3253 4285 same

1034 4304 1204 4382 form
1261 4324 1329 4363 as
1381 4303 1446 4361 in
1500 4304 1596 4363 the
1644 4325 1777 4364 case
1826 4304 1897 4382 of
1935 4303 2147 4383 Ralph
2195 4304 2267 4363 de
2317 4304 2641 4381 Henqham
2690 4312 2747 4365 to
2796 4306 3057 4367 Morton.
3158 4306 3252 4366 He

1045 4384 1261 4444 wishes
1306 4384 1586 4444 William
1617 4386 1689 4445 de
1728 4386 2026 4464 Montsort
2065 4392 2122 4444 to
2162 4384 2311 4444 have
2348 4384 2444 4444 the
2471 4384 2737 4463 prebend
2768 4386 2970 4446 which
3002 4386 3251 4446 Ardicio

1045 4486 1176 4525 now
1237 4465 1427 4534 holds,
1499 4466 1625 4524 and
1696 4465 1921 4525 desires
1994 4465 2221 4525 Robert
2292 4472 2350 4525 to
2426 4465 2573 4525 have
2646 4465 2767 4525 this
2838 4475 3253 4547 arrangement

1045 4546 1339 4625 accepted.
1466 4546 1564 4605 Hc
1619 4546 1755 4606 does
1812 4554 1917 4607 not
1970 4554 2135 4606 want
2190 4546 2413 4606 exotics
2470 4546 2541 4605 in
2597 4546 2691 4606 his
2748 4548 3025 4609 orchard.

964 4703 1307 4761 Maers'rno
1376 4701 1743 4782 Rspmmrro]
1817 4720 1905 4761 DE:
1976 4704 2453 4773 Gnoucns'rnm,
2520 4706 2855 4763 Ori-'mmm
2925 4722 3063 4775 sue,
3133 4723 3248 4764 Plio

801 4825 1126 4868 MAmsrao
1177 4807 1951 4885 Anmcmnn—Magistro
1993 4805 2300 4889 R[oberto
2350 4808 2425 4869 de
2475 4809 2887 4887 Gloucestria]
2910 4857 2923 4880 ,
2966 4810 3249 4881 salutem,
