3619 5868
803 526 882 587 ‘12
1225 615 1229 619 ἡ
1437 524 1792 602 Βεᾳίπναηι
1850 524 2068 584 Thoona
2123 523 2195 583 de
2257 522 2587 601 Cantilupo

810 750 1125 830 predictos
1181 750 1264 829 xij
1323 769 1514 829 quam
1568 749 1939 829 predictum,
1984 748 2129 808 licet
2184 767 2261 807 ex
2314 752 2489 825 parte
2546 744 2805 805 Domini
2858 744 3045 823 Regis
3090 744 3185 804 eis
3230 762 3276 803 a

805 874 908 916 me
977 855 1211 935 pluries
1279 855 1360 915 ad
1429 854 1548 915 hoc
1618 854 1973 915 faciendum
2044 860 2211 914 esset
2274 851 2649 930 injunctum,
2716 851 2923 912 adhuc
2976 860 3273 912 remanet

812 961 1067 1022 infecta.
1172 962 1259 1022 Et
1317 960 1622 1041 premissa
1671 960 1847 1021 vobis
1907 959 2187 1039 significo
2246 964 2317 1019 ut
2370 960 2539 1033 quod
2592 960 2837 1038 J'ustum
2885 958 3067 1018 fuerit
3114 958 3276 1019 inde

807 1068 940 1129 fieri
985 1068 1180 1129 facias
1201 1089 1216 1141 ;
1274 1075 1339 1129 et
1387 1068 1704 1148 predictos
1746 1067 1978 1128 milites
2019 1067 2137 1127 ieci
2178 1066 2388 1127 venire
2431 1085 2643 1127 coram
2684 1084 2787 1127 me
2830 1066 2913 1127 ad
2950 1066 3278 1145 predictas

808 1179 1030 1247 terras,
1075 1175 1154 1235 ad
1211 1174 1497 1253 predicta
1552 1173 1861 1245 facienda,
1911 1172 2013 1233 die
2072 1171 2404 1233 Dominico
2458 1172 2741 1252 proximo
2796 1178 2938 1251 post
2990 1171 3279 1233 Octabas

813 1282 1032 1343 Sancti
1087 1281 1398 1343 Johannis
1453 1281 1767 1360 Baptiste.
1873 1280 1962 1340 Et
2012 1279 2247 1340 sciatur
2287 1278 2456 1358 quod
2498 1279 2807 1339 maximus
2848 1278 3127 1339 defectus
3170 1284 3281 1339 est

811 1388 1083 1448 militum
1142 1387 1349 1467 gladio
1405 1387 1752 1449 cinctorum
1809 1387 1876 1446 in
1933 1386 2255 1448 Comitatu
2314 1384 2581 1464 Salopie,
2632 1384 2725 1445 ita
2766 1384 2933 1464 quod
2988 1385 3089 1446 vix
3138 1386 3284 1446 tale

823 1494 1199 1578 [negocium]
1247 1500 1458 1574 potest
1515 1493 1845 1572 adimpleri
1906 1513 2017 1572 per
2072 1491 2303 1552 milites
2342 1491 2551 1570 gladio
2591 1492 2852 1564 cinctos,
2896 1492 3017 1552 nisi
3056 1491 3169 1552 alii
3214 1497 3283 1553 et

804 1601 982 1661 liberi
1024 1600 1252 1679 legales
1293 1600 1580 1661 homines
1622 1600 1713 1659 eis
1751 1599 2118 1678 jungantur.

809 1858 895 1917 As
941 1858 1038 1917 the
1082 1856 1320 1935 Sheriff
1357 1857 1480 1916 had
1519 1864 1625 1917 ‘not
1666 1858 1841 1917 acted
1881 1878 1959 1917 on
2003 1857 2099 1918 the
2139 1858 2281 1918 writ
2324 1858 2697 1935 instructinq
2741 1858 2871 1917 him
2924 1866 2983 1918 to
3038 1857 3285 1937 inspecti

1051 1938 1202 1997 with
1233 1940 1386 2016 four
1425 1938 1576 2015 duly
1619 1938 1915 2015 qualified
1962 1940 2230 2017 Km'qhts
2282 1940 2379 2000 the
2434 1939 2797 1999 boundaries
2851 1947 2917 1999 at
2970 1938 3282 2017 Lydbury

1053 2019 1271 2087 North,
1330 2019 1456 2077 ancl
1511 2025 1710 2097 report
1769 2019 2025 2089 thereon,
2064 2020 2315 2098 further
2368 2020 2767 2081 instructions
2823 2040 2927 2079 are
2978 2020 3157 2097 yiven
3220 2028 3283 2080 to

1050 2120 1121 2177 90
1162 2100 1315 2158 with
1360 2099 1576 2170 τῖε-εἶτε,
1621 2099 1747 2159 and
1787 2107 1988 2179 report
2033 2108 2090 2160 to
2134 2101 2230 2161 the
2273 2101 2558 2161 Justices.

978 2245 1730 2324 SALOP1A.—Preceptum
1803 2245 1923 2305 iuit
1991 2245 2379 2317 vicecomiti,
2450 2245 2615 2306 sicut
2682 2244 2839 2306 alias
2904 2253 3283 2323 preceptum

816 2351 954 2421 fuit,
1027 2350 1192 2429 quod
1263 2350 1604 2428 assumptis
1673 2369 1885 2411 secum
1960 2356 2231 2429 quatuor
2297 2349 2769 2411 discrecioribus
2836 2355 2901 2411 et
2969 2349 3283 2427 legalibus

819 2457 1126 2519 militibus
1169 2457 1246 2516 de
1289 2456 1611 2517 Comitatu
1654 2457 1719 2516 in
1761 2457 2013 2536 propria
2052 2476 2322 2536 persona
2364 2475 2479 2518 sua
2531 2456 2853 2521 accederet
2908 2456 2988 2517 ad
3036 2463 3281 2517 terram

813 2562 1132 2643 Episcopi·
1155 2563 1637 2624 Herefordensis
1679 2563 1756 2623 de
1798 2562 2129 2641 Ledebury
2174 2563 2402 2635 North,
2446 2568 2511 2623 et
2554 2571 2785 2624 terram
2832 2564 2999 2623 Petri
3042 2562 3280 2624 Corbet

813 2669 878 2730 in
978 2669 1172 2741 Cauz,
1257 2671 1348 2729 ita
1442 2669 1608 2748 quod
1703 2668 2171 2747 perambulacio
2266 2668 2396 2739 illa,
2486 2675 2604 2730 etc.
2728 2669 2819 2730 Et
2906 2669 3279 2731 Vicecomes

813 2776 1010 2837 nichil
1070 2775 1217 2836 inde
1287 2774 1454 2835 fecit.
1559 2774 1712 2835 Ideo
1781 2776 1945 2835 sicut
2012 2774 2245 2854 pluries
2306 2782 2671 2855 preceptum
2739 2780 2837 2835 est
2898 2775 3277 2837 Vicecomiti

815 2884 1004 2966 quod,
1071 2882 1410 2963 assumptis
1473 2901 1685 2943 secum
1744 2881 1829 2960 vij
1888 2881 2175 2942 discretis
2230 2886 2294 2942 et
2351 2878 2655 2960 legalibus
2716 2880 3022 2942 militibus
3082 2886 3145 2941 et
3206 2880 3279 2940 in

821 2989 1076 3070 propria
1141 3009 1412 3070 persona
1481 3009 1596 3050 sua
1663 2989 1941 3060 accedat,
2016 2995 2159 3060 etc„
2236 2989 2329 3049 ita
2396 2988 2566 3068 quod
2630 2989 3097 3068 perambulacio
3162 2988 3281 3050 illa

815 3097 928 3157 fiat
966 3116 1078 3175 per
1117 3101 1320 3156 certas
1359 3104 1564 3156 metas
1603 3101 1664 3155 et
1704 3095 1955 3166 divisas,
1994 3099 2057 3154 et
2095 3095 2259 3175 quod
2302 3095 2461 3155 scire
2502 3093 2691 3156 faciat
2730 3095 2771 3156 J
2775 3095 3109 3156 usticiariis
3146 3095 3275 3167 hic,

816 3221 855 3263 a
898 3202 999 3262 die
1060 3200 1276 3263 Sancti
1321 3200 1651 3261 Michaelis
1695 3201 1758 3259 in
1801 3218 1998 3260 unum
2042 3218 2343 3270 mensem,
2389 3201 2505 3261 sub
2548 3200 2749 3280 sigillo
2792 3219 2905 3260 suo
2946 3207 3012 3261 et
3054 3200 3279 3279 sigillis

815 3315 1088 3388 quatuor
1142 3306 1414 3366 militum
1475 3325 1550 3366 ex
1601 3306 1724 3365 illis
1773 3306 1882 3384 qui
1927 3305 2459 3384 perambulacioni
2500 3306 2919 3378 interfuerint,
2963 3327 3075 3386 per
3114 3325 3278 3388 quas

812 3421 1020 3474 metas
1063 3419 1126 3473 et
1169 3412 1402 3473 divisas
1442 3411 1905 3491 perambulacio
1946 3411 2228 3490 predicta
2268 3411 2440 3473 facta
2477 3411 2685 3472 fuerit.
2780 3413 2866 3472 Et
2908 3413 3065 3472 sciat
3106 3413 3279 3492 quod

814 3519 1085 3597 graviter
1139 3518 1520 3578 amerciatus
1575 3526 1672 3577 est
1730 3536 1802 3576 eo
1858 3517 2021 3596 quod
2080 3525 2443 3596 preceptum
2489 3518 2745 3579 Domini
2790 3518 2997 3596 Regis,
3040 3518 3277 3598 pluries

814 3623 961 3684 inde
1011 3623 1130 3684 sibi
1179 3623 1506 3695 directum,
1553 3643 1676 3683 non
1729 3631 1827 3684 est
1876 3630 2213 3697 executus3
2273 3632 2335 3686 et
2378 3627 2629 3704 gravius
2670 3626 3115 3688 amerciabitur
3152 3627 3277 3688 nisi

809 3731 932 3793 hoc
973 3738 1334 3811 preceptum
1381 3732 1637 3792 Domini
1679 3732 1869 3810 Regis
1910 3732 2157 3811 plenius
2197 3741 2561 3812 exequatur.

818 3988 969 4066 July
1014 3990 1111 4056 14,
1155 3986 1584 4046 1278.—Writ
1629 3994 1685 4046 to
1731 3987 1828 4047 the
1873 3988 2110 4066 Sheriff
2154 3990 2435 4068 waminq
2494 3989 2623 4051 him
2680 3991 2814 4052 that
2864 3992 2933 4052 he
2980 3992 3090 4052 has
3134 3993 3276 4054 been

1046 4068 1218 4146 fined
1248 4068 1356 4146 for
1399 4067 1492 4126 his
1535 4069 1777 4146 περῶσι,
1823 4069 1949 4128 and
1988 4070 2120 4128 will
2161 4071 2227 4130 be
2257 4071 2428 4149 fincd
2467 4091 2629 4132 more
2672 4072 2913 4151 heuvily
2954 4075 3158 4134 unless
3206 4075 3275 4136 he

1054 4149 1227 4226 obeys
1269 4148 1491 4207 orders.

985 4293 1278 4354 Suom.
1303 4327 1383 4337 —
1407 4293 1540 4352 Rex
1608 4292 1977 4354 Vicecomiti
2046 4294 2333 4356 salutem.
2446 4295 2836 4375 Precipimus
2905 4295 3041 4368 tibi,
3112 4298 3273 4358 sicut

818 4400 1052 4479 pluries
1113 4398 1224 4458 tibi
1287 4398 1698 4477 precepimus,
1756 4399 1923 4478 quod
1986 4400 2328 4479 assumptis
2391 4407 2601 4461 tecum
2656 4401 2741 4480 xij
2793 4402 3099 4475 discretiS,
3150 4410 3267 4464 etc.

824 4507 912 4566 Et
964 4506 1125 4566 scias
1173 4504 1338 4584 quod
1388 4505 1656 4581 graviter
1705 4506 2079 4566 amerciatus
2128 4525 2215 4576 es,
2260 4525 2336 4566 eo
2378 4506 2543 4584 quod
2584 4513 2947 4586 preceptum
2990 4515 3271 4569 nostrum

828 4611 973 4672 inde
1017 4609 1130 4671 tibi
1181 4611 1486 4671 directum
1537 4630 1664 4670 non
1714 4630 1782 4671 es
1839 4619 2139 4671 executus
2194 4612 2357 4672 sicut
2412 4611 2526 4671 tibi
2580 4619 2943 4692 preceptum
2999 4614 3153 4686 iuit;
3210 4621 3273 4675 et

819 4716 1071 4795 gravius
1115 4715 1550 4776 amerciaberis
1593 4717 1713 4776 nisi
1755 4715 1874 4776 hoc
1912 4726 2275 4796 preceptum
2310 4725 2595 4778 nostrum
2638 4719 2887 4798 plenius
2928 4721 3265 4801 exequaris.

823 4823 1012 4884 Teste
1082 4823 1151 4882 Τ.
1227 4823 1304 4883 de
1369 4822 1758 4900 Weylaunde
1815 4823 1981 4903 apud
2038 4823 2687 4898 westmonasterium,
2744 4824 2872 4904 xiiij
2930 4827 3033 4889 die
3098 4827 3265 4900 Julii,

813 4947 980 4991 auno
1036 4927 1210 5006 regni
1265 4926 1461 4987 nostri
1515 4933 1711 4986 sexto.
