3619 5868
500 2736 598 2776 Fol.
630 2730 721 2775 leb.

813 482 892 541 58
1460 480 1815 557 Reqistrum
1872 479 2090 539 Thomc
2144 480 2217 539 de
2292 479 2621 558 Cantilupo

812 705 1042 767 Verum
1089 712 1158 765 ut
1199 705 1288 765 rei
1328 712 1502 782 geste
1559 704 1782 763 seriem
1833 704 2191 765 succinctus
2248 722 2451 763 sermo
2510 711 2924 782 pertranseat,
2982 723 3061 763 ne
3114 710 3283 763 dum

811 811 1096 872 defectus
1137 810 1388 870 eosdem
1432 809 1514 869 ad
1555 809 2063 870 humiliacionern
2110 820 2389 869 nostram
2426 810 2727 888 gestimus
2758 809 3118 887 exprimere,
3154 808 3285 869 sub

812 919 1190 979 humilitatis
1219 918 1424 995 specie
1452 930 1667 976 notam
1713 916 2010 977 elacionis
2054 936 2165 977 seu
2208 917 2661 997 qualiscunque
2690 916 3001 995 jactancie
3028 917 3283 994 ingerat

813 1024 1046 1085 seriosa
1073 1022 1368 1101 repeticio
1395 1021 1698 1092 veritatis,
1727 1040 1843 1081 nos
1886 1022 2114 1098 gradus
2157 1022 2579 1091 altitudinem,
2612 1027 2675 1081 et
2702 1022 2909 1081 oneris
2948 1021 3283 1081 iminentis

812 1136 992 1190 tante
1054 1127 1406 1189 altitudinis
1469 1128 1787 1187 ascensori
1852 1127 2101 1199 molem,
2174 1126 2354 1187 nobis
2422 1127 2487 1186 in
2561 1127 3000 1188 Cardinalatus
3068 1127 3283 1188 officio

811 1234 1198 1314 experiencie
1267 1234 1448 1312 longe
1525 1232 1854 1311 participio
1938 1251 2064 1291 non
2147 1233 2448 1311 ignotam,
2522 1239 2771 1292 attenta
2855 1232 3277 1293 meditacione

811 1348 1171 1421 pensantes,
1219 1339 1587 1417 eligencium
1639 1348 1701 1397 et
1749 1338 2149 1397 offerencium
2200 1338 2509 1397 instancie
2559 1337 3005 1398 insufficiencie
3054 1346 3276 1399 nostre

810 1447 1225 1525 imparitatem
1285 1446 1648 1523 objecimus,
1706 1444 2095 1503 debilitatem
2153 1449 2455 1514 nostram,
2518 1444 2797 1504 dictante
2854 1443 3273 1515 consciencia,

810 1554 1116 1632 imparem
1171 1572 1315 1613 cum
1373 1552 1638 1629 repetita
1695 1550 2071 1610 multociens
2126 1550 2461 1610 relaxionis
2518 1550 2982 1628 supplicacione
3045 1550 3275 1609 humili

812 1660 1180 1738 allegantes,
1293 1659 1574 1737 Cumque
1619 1656 1733 1717 nec
1777 1656 1867 1715 sic
1908 1664 2185 1716 cessaret
2228 1660 2476 1716 instans
2516 1656 2777 1716 fratrum
2824 1656 3275 1734 importunitas

811 1765 1193 1836 eorumdem,
1252 1773 1348 1824 set
1403 1764 1526 1824 vim
1587 1762 1863 1822 inferens
1912 1772 2127 1821 nostro
2174 1763 2495 1840 proposito
2544 1763 2985 1823 vehemencius
3028 1762 3271 1841 colleg-ii

810 1871 1022 1949 jussus
1051 1880 1316 1949 urgeret,
1350 1888 1586 1948 nosque
1616 1868 1988 1928 violenciam
2017 1868 2338 1946 pacientes
2382 1869 2796 1929 clamaremus
2829 1869 3121 1940 lacrimis,
3152 1888 3273 1929 nec

811 1985 976 2039 esset
1005 1980 1110 2057 qui
1141 1978 1356 2038 auditu
1397 1978 1824 2038 exaudicionis
1867 1978 2133 2047 audiret,
2168 1977 2647 2037 vociferaremur
2670 1977 2929 2055 gemitu,
2962 1997 3077 2037 nec
3109 1977 3271 2036 foret

809 2084 916 2164 qui
959 2084 1388 2143 remissionem
1432 2082 1699 2161 injuncti
1742 2068 1949 2143 on⁰eris
1992 2082 2258 2161 benigno
2300 2081 2534 2159 judicio
2562 2081 2933 2160 indulgeret,
2965 2083 3048 2141 ad
3078 2083 3269 2142 Illum

809 2191 1023 2251 oculos
1053 2190 1278 2249 mentis
1307 2189 1619 2249 ereximus
1647 2190 1776 2269 qui,
1809 2189 1969 2249 sicut
2011 2189 2418 2267 premittitur,
2452 2188 2807 2249 Ecclesiam
2832 2208 3027 2268 quam
3063 2208 3173 2266 per
3202 2208 3269 2249 se

807 2297 1094 2357 fundavit
1137 2316 1264 2355 non
1305 2295 1560 2374 negligit
1605 2314 1814 2373 regere
1856 2314 1967 2374 per
2010 2295 2305 2373 seipsum,
2340 2301 2435 2353 set
2464 2314 2657 2375 quam
2706 2294 2807 2372 pie
2848 2294 3129 2354 condidit
3170 2294 3269 2372 pie

809 2403 967 2481 regit
989 2421 1003 2472 ;
1075 2408 1138 2461 et
1208 2420 1590 2482 quamquam
1646 2400 1722 2460 de
1778 2400 2229 2461 insufficiencia
2286 2407 2499 2460 nostra
2554 2400 2870 2481 timentes,
2922 2400 3001 2460 de
3059 2420 3267 2479 super-

809 2507 1248 2568 habundancia
1315 2515 1530 2567 tamen
1613 2507 2075 2585 omnipotencie
2147 2525 2259 2566 sue
2342 2506 2583 2578 confisi,
2656 2507 2951 2567 humeros
3024 2527 3269 2567 summo

807 2612 1302 2693 superhumerali
1349 2613 1731 2691 subjecimus
1783 2617 1846 2672 et
1898 2612 2215 2672 humiliter
2258 2614 2476 2691 jugum
2522 2612 2868 2673 subivimus
2909 2612 3268 2691 Apostolice

807 2720 1169 2790 servitutis;
1216 2724 1538 2796 sperantes
1586 2718 1755 2797 quod
1803 2718 1937 2796 ipse
1986 2717 2093 2797 qui
2144 2718 2316 2777 Petri
2364 2717 2627 2796 pedibus
2683 2718 2960 2777 marinos
3004 2719 3267 2779 vertices

805 2827 1149 2897 inclinavit,
1209 2832 1280 2885 ut
1335 2825 1453 2885 iter
1508 2824 1811 2904 liquidum
1872 2825 2167 2885 humanis
2235 2824 2551 2902 gressibus
2620 2824 2888 2885 solidum
2960 2825 3264 2905 preberet,

809 2932 1174 3014 obsequium
1232 2932 1411 2992 nobis
1467 2951 1642 3012 quos,
1705 2930 1850 2990 licet
1906 2930 2216 3010 indignos,
2277 2931 2366 2990 illi
2425 2951 2540 2992 sua
2596 2932 2923 2992 constituit
2981 2932 3267 3010 dignacio

809 3057 1250 3108 successorem,
1309 3037 1373 3096 in
1444 3038 1641 3096 nostri
1712 3037 2087 3096 execucione
2156 3037 2485 3098 ministerii
2557 3036 2917 3098 humiliabit
2976 3058 3089 3116 per
3158 3059 3266 3100 sue

807 3145 1057 3206 virtutis
1098 3144 1453 3222 potenciam
1503 3143 1664 3202 colla
1709 3143 2027 3203 tumencia
2076 3144 2506 3222 superborum,
2551 3156 2617 3204 et
2667 3144 2881 3223 lapsus
2929 3145 2997 3204 in
3038 3146 3267 3206 delicta

808 3249 1160 3310 labencium
1210 3249 1578 3320 cohibend0,
1623 3268 1730 3308 eos
1780 3249 1845 3308 in
1901 3249 2204 3310 bonorum
2252 3251 2596 3312 stabilitate
2640 3272 2897 3330 operum
2950 3253 3262 3313 solidabit.

808 3357 901 3417 Ad
931 3357 1096 3437 quod
1125 3356 1460 3417 efficaciter
1487 3356 1897 3416 obtinendum
1928 3364 2173 3416 attente
2203 3359 2565 3418 oracionum
2596 3367 2941 3419 vestrarum
2972 3360 3266 3438 suffragia

808 3464 1235 3542 imploramus,
1269 3464 1735 3524 universitatem
1769 3473 2045 3524 vestram
2078 3472 2405 3525 monentes
2447 3485 2743 3544 rogamus
2772 3472 2835 3526 et
2864 3465 3265 3528 obsecrantes

807 3571 872 3629 in
917 3570 1190 3629 Domino
1230 3569 1385 3658 Jesu
1427 3569 1698 3638 Christe,
1750 3570 2052 3648 quatinus
2103 3570 2471 3648 diligencius
2526 3571 2932 3632 attendentes
2975 3572 3139 3651 quod
3187 3572 3265 3632 ad

807 3675 971 3736 tanti
1012 3673 1304 3753 ponderis
1345 3674 1659 3734 sarcinam
1701 3674 2199 3753 supportandum
2258 3676 2585 3755 pervigiles
2637 3683 3074 3755 cooperatores
3132 3697 3266 3738 esse

809 3801 920 3842 vos
949 3782 1141 3860 exigit
1171 3781 1347 3841 vobis
1374 3781 1441 3839 in
1473 3780 1694 3840 vestris
1723 3781 2015 3858 gregibus
2044 3780 2400 3840 sollicitudo
2438 3783 2776 3842 commissa
2806 3785 2871 3841 in
2904 3781 3265 3857 huiusmodi

805 3887 1269 3968 cooperacionis
1325 3887 1673 3947 ministerio
1729 3885 2113 3966 exequendO,
2173 3907 2361 3966 super
2416 3907 2631 3966 greges
2689 3889 2943 3948 eosdem
3004 3889 3269 3950 sollicite

809 3996 1158 4074 vigilantes,
1217 3994 1524 4055 debilitati
1583 4002 1795 4054 nostre
1864 3995 2232 4054 devotarum
2290 3995 2649 4055 oracionum
2708 4005 2771 4055 et
2828 3996 3269 4074 placaciouum

809 4102 1068 4162 uberum
1121 4100 1551 4180 frequentibus
1596 4100 2020 4160 oblacionibus
2071 4101 2426 4170 assistatis;
2502 4100 2581 4161 ab
2638 4103 2735 4162 Eo
2790 4101 2896 4181 qui
2953 4103 3268 4162 sarcinam

809 4207 986 4266 nobis
1031 4206 1292 4266 eandem
1346 4206 1665 4283 imposuit,
1719 4223 1831 4265 seu
1872 4205 2093 4283 pocius
2134 4205 2345 4266 forsan
2393 4207 2630 4285 imponi
2682 4208 2985 4286 permisit,
3036 4209 3268 4288 suppli·

808 4312 1164 4373 cacionibus
1213 4310 1454 4371 devotis
1501 4319 1563 4370 et
1615 4310 1847 4370 sedulis
1895 4311 2304 4390 implorantes
2352 4319 2421 4372 ut
2472 4315 2579 4392 qui
2624 4333 2698 4373 ex
2750 4314 2991 4388 eisdem
3036 4315 3271 4376 nostris

809 4417 1155 4478 defectibus
1225 4416 1342 4476 sub
1409 4415 1578 4475 illius
1633 4434 1821 4475 onere
1876 4417 2217 4493 premimur
2272 4417 2466 4496 ipsius
2532 4438 2789 4478 munere
2846 4419 3265 4490 sublevemur,

809 4522 1110 4602 nobisque
1167 4523 1299 4600 ipse
1355 4521 1660 4581 bonorum
1711 4521 1968 4598 largitor
2024 4521 2302 4582 omnium
2364 4524 2453 4582 sic
2501 4523 2675 4584 illam
2723 4524 2806 4584 ad
2850 4525 2948 4584 sui
2996 4526 3269 4586 nominis

809 4629 1056 4689 laudem
1085 4636 1148 4687 et
1177 4627 1434 4706 gloriam
1465 4633 1746 4686 nostram
1776 4626 2114 4707 populique
2157 4629 2255 4689 sui
2297 4629 2565 4689 salutern
2609 4637 2859 4707 portare
2890 4649 3005 4690 sua
3033 4631 3267 4710 pietate

807 4735 1132 4804 concedat,
1158 4732 1324 4812 quod
1355 4732 1572 4792 eadem
1603 4732 1708 4810 pia
1740 4732 1947 4792 Mater
1976 4733 2264 4795 Ecclesia
2292 4734 2453 4794 filios
2484 4754 2632 4795 suos
2661 4755 2921 4796 numero
2952 4745 3015 4795 et
3047 4738 3268 4798 merito

808 4841 1036 4902 nostris
1077 4837 1481 4916 multiplicari
1524 4837 1908 4915 temporibus
1968 4839 2284 4918 glorietur.
2414 4840 2709 4901 Ceterum
2750 4839 2978 4902 fratres
3022 4849 3087 4902 et
3130 4841 3259 4913 filii,
