<?xml version="1.0" encoding="UTF-8"?>
<!DOCTYPE html PUBLIC "-//W3C//DTD XHTML 1.0 Transitional//EN"
    "http://www.w3.org/TR/xhtml1/DTD/xhtml1-transitional.dtd">
<html xmlns="http://www.w3.org/1999/xhtml" xml:lang="en" lang="en">
 <head>
  <title>
</title>
<meta http-equiv="Content-Type" content="text/html;charset=utf-8" />
  <meta name='ocr-system' content='tesseract 3.04.00' />
  <meta name='ocr-capabilities' content='ocr_page ocr_carea ocr_par ocr_line ocrx_word'/>
</head>
<body>
  <div class='ocr_page' id='page_1' title='image "./canterburyandyo01socigoog_0397.png"; bbox 0 0 3619 5868; ppageno 0'>
   <div class='ocr_carea' id='block_1_1' title="bbox 1156 441 2812 523">
    <p class='ocr_par' dir='ltr' id='par_1_1' title="bbox 1156 441 2812 523">
     <span class='ocr_line' id='line_1_1' title="bbox 1156 441 2812 523; baseline 0.004 -22"><span class='ocrx_word' id='word_1_1' title='bbox 1156 441 1455 522; x_wconf 74' lang='lat' dir='ltr'><strong><em>Episcopi</em></strong></span> <span class='ocrx_word' id='word_1_2' title='bbox 1509 442 1993 523; x_wconf 69' lang='lat' dir='ltr'><strong>Heresordensis.</strong></span> <span class='ocrx_word' id='word_1_3' title='bbox 2691 447 2812 507; x_wconf 89' lang='lat'><strong>301</strong></span> 
     </span>
    </p>
   </div>
   <div class='ocr_carea' id='block_1_2' title="bbox 342 666 2804 844">
    <p class='ocr_par' dir='ltr' id='par_1_2' title="bbox 342 666 2804 844">
     <span class='ocr_line' id='line_1_2' title="bbox 342 666 2804 752; baseline 0.003 -25"><span class='ocrx_word' id='word_1_4' title='bbox 342 666 698 733; x_wconf 86' lang='lat' dir='ltr'><strong>Willelmus</strong></span> <span class='ocrx_word' id='word_1_5' title='bbox 742 666 861 727; x_wconf 85' lang='lat' dir='ltr'><strong>Aul</strong></span> <span class='ocrx_word' id='word_1_6' title='bbox 890 667 969 727; x_wconf 87' lang='lat' dir='ltr'><strong>de</strong></span> <span class='ocrx_word' id='word_1_7' title='bbox 996 667 1328 728; x_wconf 86' lang='lat' dir='ltr'><strong>Lodolowe</strong></span> <span class='ocrx_word' id='word_1_8' title='bbox 1358 668 1439 728; x_wconf 88' lang='lat' dir='ltr'><strong>ad</strong></span> <span class='ocrx_word' id='word_1_9' title='bbox 1484 669 1739 729; x_wconf 82' lang='lat' dir='ltr'><strong>titulum</strong></span> <span class='ocrx_word' id='word_1_10' title='bbox 1773 670 2153 748; x_wconf 74' lang='lat' dir='ltr'><strong>patrimonii,</strong></span> <span class='ocrx_word' id='word_1_11' title='bbox 2185 670 2292 751; x_wconf 90' lang='lat' dir='ltr'><strong>qui</strong></span> <span class='ocrx_word' id='word_1_12' title='bbox 2332 671 2567 733; x_wconf 84' lang='lat' dir='ltr'><strong>residet</strong></span> <span class='ocrx_word' id='word_1_13' title='bbox 2609 691 2804 752; x_wconf 85' lang='lat' dir='ltr'><strong>penes</strong></span> 
     </span>
     <span class='ocr_line' id='line_1_3' title="bbox 752 764 1079 844; baseline 0.006 -21"><span class='ocrx_word' id='word_1_14' title='bbox 752 764 958 844; x_wconf 86' lang='lat' dir='ltr'><strong>ipsum</strong></span> <span class='ocrx_word' id='word_1_15' title='bbox 1004 765 1079 825; x_wconf 82' lang='lat' dir='ltr'><strong>R.</strong></span> 
     </span>
    </p>
   </div>
   <div class='ocr_carea' id='block_1_3' title="bbox 345 870 2568 1267">
    <p class='ocr_par' dir='ltr' id='par_1_3' title="bbox 346 870 1966 950">
     <span class='ocr_line' id='line_1_4' title="bbox 346 870 1966 950; baseline 0.001 -19"><span class='ocrx_word' id='word_1_16' title='bbox 346 871 691 931; x_wconf 87' lang='lat' dir='ltr'><strong>Nicholaus</strong></span> <span class='ocrx_word' id='word_1_17' title='bbox 734 870 811 930; x_wconf 90' lang='lat' dir='ltr'><strong>de</strong></span> <span class='ocrx_word' id='word_1_18' title='bbox 858 871 1111 943; x_wconf 79' lang='lat' dir='ltr'><strong>Marcle,</strong></span> <span class='ocrx_word' id='word_1_19' title='bbox 1158 872 1239 932; x_wconf 79' lang='lat' dir='ltr'><strong>ad</strong></span> <span class='ocrx_word' id='word_1_20' title='bbox 1282 871 1539 931; x_wconf 84' lang='lat' dir='ltr'><strong>titulum</strong></span> <span class='ocrx_word' id='word_1_21' title='bbox 1580 872 1966 950; x_wconf 71' lang='lat' dir='ltr'><strong>patrimonii.</strong></span> 
     </span>
    </p>

    <p class='ocr_par' dir='ltr' id='par_1_4' title="bbox 351 976 1627 1055">
     <span class='ocr_line' id='line_1_5' title="bbox 351 976 1627 1055; baseline 0.002 -19"><span class='ocrx_word' id='word_1_22' title='bbox 351 976 712 1055; x_wconf 73' lang='lat' dir='ltr'><strong>Stephanus</strong></span> <span class='ocrx_word' id='word_1_23' title='bbox 753 976 831 1037; x_wconf 86' lang='lat' dir='ltr'><strong>de</strong></span> <span class='ocrx_word' id='word_1_24' title='bbox 875 976 1237 1049; x_wconf 87' lang='lat' dir='ltr'><strong>Gromville,</strong></span> <span class='ocrx_word' id='word_1_25' title='bbox 1284 977 1627 1039; x_wconf 80' lang='lat' dir='ltr'><strong>absolutus,</strong></span> 
     </span>
    </p>

    <p class='ocr_par' dir='ltr' id='par_1_5' title="bbox 345 1080 2568 1267">
     <span class='ocr_line' id='line_1_6' title="bbox 346 1080 2568 1161; baseline 0.002 -20"><span class='ocrx_word' id='word_1_26' title='bbox 346 1080 701 1142; x_wconf 88' lang='lat' dir='ltr'><strong>Willelmus</strong></span> <span class='ocrx_word' id='word_1_27' title='bbox 743 1081 821 1141; x_wconf 87' lang='lat' dir='ltr'><strong>de</strong></span> <span class='ocrx_word' id='word_1_28' title='bbox 864 1081 1263 1161; x_wconf 87' lang='lat' dir='ltr'><strong>Kingeslene,</strong></span> <span class='ocrx_word' id='word_1_29' title='bbox 1309 1083 1389 1143; x_wconf 86' lang='lat' dir='ltr'><strong>ad</strong></span> <span class='ocrx_word' id='word_1_30' title='bbox 1432 1083 1970 1161; x_wconf 86' lang='lat' dir='ltr'><strong>presentacionem</strong></span> <span class='ocrx_word' id='word_1_31' title='bbox 2003 1084 2250 1145; x_wconf 82' lang='lat' dir='ltr'><strong>Leulini</strong></span> <span class='ocrx_word' id='word_1_32' title='bbox 2293 1085 2351 1146; x_wconf 88' lang='lat' dir='ltr'><strong>le</strong></span> <span class='ocrx_word' id='word_1_33' title='bbox 2394 1085 2568 1147; x_wconf 87' lang='lat' dir='ltr'><strong>Bret.</strong></span> 
     </span>
     <span class='ocr_line' id='line_1_7' title="bbox 345 1176 2462 1267; baseline 0.002 -18"><span class='ocrx_word' id='word_1_34' title='bbox 345 1176 671 1249; x_wconf 77' lang='lat' dir='ltr'><strong>Joh&#39;annes</strong></span> <span class='ocrx_word' id='word_1_35' title='bbox 701 1187 778 1248; x_wconf 86' lang='lat' dir='ltr'><strong>de</strong></span> <span class='ocrx_word' id='word_1_36' title='bbox 821 1187 1168 1267; x_wconf 84' lang='lat' dir='ltr'><strong>Bosebury,</strong></span> <span class='ocrx_word' id='word_1_37' title='bbox 1212 1188 1291 1249; x_wconf 82' lang='lat' dir='ltr'><strong>ad</strong></span> <span class='ocrx_word' id='word_1_38' title='bbox 1334 1190 1870 1267; x_wconf 86' lang='lat' dir='ltr'><strong>presentacionem</strong></span> <span class='ocrx_word' id='word_1_39' title='bbox 1914 1190 2148 1251; x_wconf 88' lang='lat' dir='ltr'><strong>Vicarii</strong></span> <span class='ocrx_word' id='word_1_40' title='bbox 2190 1191 2268 1251; x_wconf 79' lang='lat' dir='ltr'><strong>do</strong></span> <span class='ocrx_word' id='word_1_41' title='bbox 2311 1192 2462 1253; x_wconf 72' lang='lat' dir='ltr'><strong>Boe.</strong></span> 
     </span>
    </p>
   </div>
   <div class='ocr_carea' id='block_1_4' title="bbox 345 1294 2802 1469">
    <p class='ocr_par' dir='ltr' id='par_1_6' title="bbox 345 1294 2802 1469">
     <span class='ocr_line' id='line_1_8' title="bbox 345 1294 2802 1374; baseline 0.002 -21"><span class='ocrx_word' id='word_1_42' title='bbox 345 1294 571 1373; x_wconf 83' lang='lat' dir='ltr'><strong>Davyd</strong></span> <span class='ocrx_word' id='word_1_43' title='bbox 630 1294 708 1355; x_wconf 88' lang='lat' dir='ltr'><strong>de</strong></span> <span class='ocrx_word' id='word_1_44' title='bbox 750 1294 1117 1373; x_wconf 86' lang='lat' dir='ltr'><strong>Aspertone,</strong></span> <span class='ocrx_word' id='word_1_45' title='bbox 1177 1294 1256 1355; x_wconf 85' lang='lat' dir='ltr'><strong>ad</strong></span> <span class='ocrx_word' id='word_1_46' title='bbox 1304 1296 1848 1374; x_wconf 80' lang='lat' dir='ltr'><strong>presentacionem</strong></span> <span class='ocrx_word' id='word_1_47' title='bbox 1894 1295 2132 1357; x_wconf 83' lang='lat' dir='ltr'><strong>domini</strong></span> <span class='ocrx_word' id='word_1_48' title='bbox 2184 1297 2465 1370; x_wconf 85' lang='lat' dir='ltr'><strong>Martini,</strong></span> <span class='ocrx_word' id='word_1_49' title='bbox 2512 1298 2802 1359; x_wconf 87' lang='lat' dir='ltr'><strong>Rectoris</strong></span> 
     </span>
     <span class='ocr_line' id='line_1_9' title="bbox 754 1392 1059 1469; baseline 0.01 -18"><span class='ocrx_word' id='word_1_50' title='bbox 754 1392 1059 1469; x_wconf 85' lang='lat' dir='ltr'><strong>ejusdem.</strong></span> 
     </span>
    </p>
   </div>
   <div class='ocr_carea' id='block_1_5' title="bbox 342 1497 2806 2088">
    <p class='ocr_par' dir='ltr' id='par_1_7' title="bbox 342 1497 2178 1579">
     <span class='ocr_line' id='line_1_10' title="bbox 342 1497 2178 1579; baseline 0.002 -22"><span class='ocrx_word' id='word_1_51' title='bbox 342 1498 382 1556; x_wconf 90' lang='lat' dir='ltr'><strong>J</strong></span> <span class='ocrx_word' id='word_1_52' title='bbox 386 1497 670 1558; x_wconf 81' lang='lat' dir='ltr'><strong>ohannes</strong></span> <span class='ocrx_word' id='word_1_53' title='bbox 712 1498 789 1558; x_wconf 88' lang='lat' dir='ltr'><strong>de</strong></span> <span class='ocrx_word' id='word_1_54' title='bbox 831 1498 1327 1578; x_wconf 81' lang='lat' dir='ltr'><strong>Themedebury,</strong></span> <span class='ocrx_word' id='word_1_55' title='bbox 1374 1499 1453 1560; x_wconf 83' lang='lat' dir='ltr'><strong>ad</strong></span> <span class='ocrx_word' id='word_1_56' title='bbox 1496 1500 1749 1561; x_wconf 85' lang='lat' dir='ltr'><strong>titulum</strong></span> <span class='ocrx_word' id='word_1_57' title='bbox 1793 1500 2178 1579; x_wconf 75' lang='lat' dir='ltr'><strong>patrimonii.</strong></span> 
     </span>
    </p>

    <p class='ocr_par' dir='ltr' id='par_1_8' title="bbox 348 1603 1942 1683">
     <span class='ocr_line' id='line_1_11' title="bbox 348 1603 1942 1683; baseline 0.001 -20"><span class='ocrx_word' id='word_1_58' title='bbox 348 1603 657 1663; x_wconf 80' lang='lat' dir='ltr'><strong>Radulfus</strong></span> <span class='ocrx_word' id='word_1_59' title='bbox 699 1604 775 1663; x_wconf 88' lang='lat' dir='ltr'><strong>de</strong></span> <span class='ocrx_word' id='word_1_60' title='bbox 819 1604 1089 1681; x_wconf 86' lang='lat' dir='ltr'><strong>Lydum,</strong></span> <span class='ocrx_word' id='word_1_61' title='bbox 1138 1604 1218 1664; x_wconf 79' lang='lat' dir='ltr'><strong>ad</strong></span> <span class='ocrx_word' id='word_1_62' title='bbox 1262 1604 1516 1665; x_wconf 81' lang='lat' dir='ltr'><strong>titulum</strong></span> <span class='ocrx_word' id='word_1_63' title='bbox 1558 1606 1942 1683; x_wconf 72' lang='lat' dir='ltr'><strong>patrimonii.</strong></span> 
     </span>
    </p>

    <p class='ocr_par' dir='ltr' id='par_1_9' title="bbox 348 1708 1949 1789">
     <span class='ocr_line' id='line_1_12' title="bbox 348 1708 1949 1789; baseline 0.001 -21"><span class='ocrx_word' id='word_1_64' title='bbox 348 1709 549 1768; x_wconf 86' lang='lat' dir='ltr'><strong>Adam</strong></span> <span class='ocrx_word' id='word_1_65' title='bbox 594 1709 671 1769; x_wconf 87' lang='lat' dir='ltr'><strong>de</strong></span> <span class='ocrx_word' id='word_1_66' title='bbox 714 1708 1099 1788; x_wconf 88' lang='lat' dir='ltr'><strong>Penbrugge,</strong></span> <span class='ocrx_word' id='word_1_67' title='bbox 1148 1709 1226 1769; x_wconf 83' lang='lat' dir='ltr'><strong>ad</strong></span> <span class='ocrx_word' id='word_1_68' title='bbox 1266 1709 1522 1769; x_wconf 86' lang='lat' dir='ltr'><strong>titulum</strong></span> <span class='ocrx_word' id='word_1_69' title='bbox 1567 1710 1949 1789; x_wconf 77' lang='lat' dir='ltr'><strong>patrimonii.</strong></span> 
     </span>
    </p>

    <p class='ocr_par' dir='ltr' id='par_1_10' title="bbox 350 1814 2092 1894">
     <span class='ocr_line' id='line_1_13' title="bbox 350 1814 2092 1894; baseline 0.002 -21"><span class='ocrx_word' id='word_1_70' title='bbox 350 1814 701 1874; x_wconf 86' lang='lat' dir='ltr'><strong>Willelmus</strong></span> <span class='ocrx_word' id='word_1_71' title='bbox 744 1814 821 1875; x_wconf 86' lang='lat' dir='ltr'><strong>de</strong></span> <span class='ocrx_word' id='word_1_72' title='bbox 862 1814 1242 1886; x_wconf 82' lang='lat' dir='ltr'><strong>Bedestone,</strong></span> <span class='ocrx_word' id='word_1_73' title='bbox 1288 1814 1371 1875; x_wconf 85' lang='lat' dir='ltr'><strong>ad</strong></span> <span class='ocrx_word' id='word_1_74' title='bbox 1414 1815 1669 1875; x_wconf 76' lang='lat' dir='ltr'><strong>titulum</strong></span> <span class='ocrx_word' id='word_1_75' title='bbox 1711 1816 2092 1894; x_wconf 85' lang='lat' dir='ltr'><strong>patrimonii.</strong></span> 
     </span>
    </p>

    <p class='ocr_par' dir='ltr' id='par_1_11' title="bbox 344 1920 2806 2088">
     <span class='ocr_line' id='line_1_14' title="bbox 344 1920 2806 2001; baseline 0.001 -20"><span class='ocrx_word' id='word_1_76' title='bbox 344 1920 671 1981; x_wconf 87' lang='lat' dir='ltr'><strong>Johannes</strong></span> <span class='ocrx_word' id='word_1_77' title='bbox 741 1921 817 1981; x_wconf 88' lang='lat' dir='ltr'><strong>de</strong></span> <span class='ocrx_word' id='word_1_78' title='bbox 887 1922 1175 1993; x_wconf 86' lang='lat' dir='ltr'><strong>Newent,</strong></span> <span class='ocrx_word' id='word_1_79' title='bbox 1233 1921 1314 1981; x_wconf 87' lang='lat' dir='ltr'><strong>ad</strong></span> <span class='ocrx_word' id='word_1_80' title='bbox 1364 1921 1619 1981; x_wconf 85' lang='lat' dir='ltr'><strong>titulum</strong></span> <span class='ocrx_word' id='word_1_81' title='bbox 1679 1922 2061 2000; x_wconf 79' lang='lat' dir='ltr'><strong>patrimonii,</strong></span> <span class='ocrx_word' id='word_1_82' title='bbox 2127 1930 2190 1982; x_wconf 90' lang='lat' dir='ltr'><strong>et</strong></span> <span class='ocrx_word' id='word_1_83' title='bbox 2253 1942 2365 2001; x_wconf 91' lang='lat' dir='ltr'><strong>pro</strong></span> <span class='ocrx_word' id='word_1_84' title='bbox 2423 1923 2806 1985; x_wconf 85' lang='lat' dir='ltr'><strong>sufficienoia</strong></span> 
     </span>
     <span class='ocr_line' id='line_1_15' title="bbox 754 2027 1750 2088; baseline 0 -1"><span class='ocrx_word' id='word_1_85' title='bbox 754 2027 921 2087; x_wconf 83' lang='lat' dir='ltr'><strong>cavit</strong></span> <span class='ocrx_word' id='word_1_86' title='bbox 964 2028 1252 2088; x_wconf 81' lang='lat' dir='ltr'><strong>Vicarius</strong></span> <span class='ocrx_word' id='word_1_87' title='bbox 1296 2028 1372 2087; x_wconf 83' lang='lat' dir='ltr'><strong>de</strong></span> <span class='ocrx_word' id='word_1_88' title='bbox 1416 2027 1750 2087; x_wconf 88' lang='lat' dir='ltr'><strong>Neuwent.</strong></span> 
     </span>
    </p>
   </div>
   <div class='ocr_carea' id='block_1_6' title="bbox 511 2190 1016 2249">
    <p class='ocr_par' dir='ltr' id='par_1_12' title="bbox 511 2190 1016 2249">
     <span class='ocr_line' id='line_1_16' title="bbox 511 2190 1016 2249; baseline -0.002 0"><span class='ocrx_word' id='word_1_89' title='bbox 511 2190 1016 2249; x_wconf 57' lang='lat' dir='ltr'><strong>Pitumnum.—</strong></span> 
     </span>
    </p>
   </div>
   <div class='ocr_carea' id='block_1_7' title="bbox 341 2318 2808 4831">
    <p class='ocr_par' dir='ltr' id='par_1_13' title="bbox 348 2318 2298 2399">
     <span class='ocr_line' id='line_1_17' title="bbox 348 2318 2298 2399; baseline -0.001 -19"><span class='ocrx_word' id='word_1_90' title='bbox 348 2320 652 2381; x_wconf 86' lang='lat' dir='ltr'><strong>Ricardus</strong></span> <span class='ocrx_word' id='word_1_91' title='bbox 693 2320 772 2381; x_wconf 80' lang='lat' dir='ltr'><strong>de</strong></span> <span class='ocrx_word' id='word_1_92' title='bbox 814 2320 1161 2399; x_wconf 87' lang='lat' dir='ltr'><strong>Lingayne,</strong></span> <span class='ocrx_word' id='word_1_93' title='bbox 1207 2319 1286 2380; x_wconf 83' lang='lat' dir='ltr'><strong>ad</strong></span> <span class='ocrx_word' id='word_1_94' title='bbox 1328 2319 1584 2380; x_wconf 88' lang='lat' dir='ltr'><strong>titulum</strong></span> <span class='ocrx_word' id='word_1_95' title='bbox 1629 2319 1873 2380; x_wconf 90' lang='lat' dir='ltr'><strong>Domus</strong></span> <span class='ocrx_word' id='word_1_96' title='bbox 1917 2320 1994 2380; x_wconf 91' lang='lat' dir='ltr'><strong>de</strong></span> <span class='ocrx_word' id='word_1_97' title='bbox 2039 2318 2298 2397; x_wconf 85' lang='lat' dir='ltr'><strong>Lydlee.</strong></span> 
     </span>
    </p>

    <p class='ocr_par' dir='ltr' id='par_1_14' title="bbox 348 2423 2803 2593">
     <span class='ocr_line' id='line_1_18' title="bbox 348 2423 2803 2503; baseline 0 -18"><span class='ocrx_word' id='word_1_98' title='bbox 348 2425 654 2486; x_wconf 85' lang='lat' dir='ltr'><strong>Ricardus</strong></span> <span class='ocrx_word' id='word_1_99' title='bbox 697 2426 775 2486; x_wconf 90' lang='lat' dir='ltr'><strong>de</strong></span> <span class='ocrx_word' id='word_1_100' title='bbox 824 2426 979 2496; x_wconf 87' lang='lat' dir='ltr'><strong>Aka‚</strong></span> <span class='ocrx_word' id='word_1_101' title='bbox 1026 2423 1105 2485; x_wconf 86' lang='lat' dir='ltr'><strong>ad</strong></span> <span class='ocrx_word' id='word_1_102' title='bbox 1169 2425 1423 2485; x_wconf 88' lang='lat' dir='ltr'><strong>titulum</strong></span> <span class='ocrx_word' id='word_1_103' title='bbox 1487 2424 1510 2483; x_wconf 95' lang='lat' dir='ltr'>l</span> <span class='ocrx_word' id='word_1_104' title='bbox 1572 2424 1913 2485; x_wconf 86' lang='lat' dir='ltr'><strong>solidorum</strong></span> <span class='ocrx_word' id='word_1_105' title='bbox 1955 2443 2066 2503; x_wconf 91' lang='lat' dir='ltr'><strong>per</strong></span> <span class='ocrx_word' id='word_1_106' title='bbox 2127 2434 2370 2486; x_wconf 86' lang='lat' dir='ltr'><strong>cartam</strong></span> <span class='ocrx_word' id='word_1_107' title='bbox 2443 2425 2678 2486; x_wconf 77' lang='lat' dir='ltr'><strong>Amicis</strong></span> <span class='ocrx_word' id='word_1_108' title='bbox 2722 2425 2803 2487; x_wconf 86' lang='lat' dir='ltr'><strong>de</strong></span> 
     </span>
     <span class='ocr_line' id='line_1_19' title="bbox 754 2532 1038 2593; baseline -0.014 0"><span class='ocrx_word' id='word_1_109' title='bbox 754 2532 1038 2593; x_wconf 75' lang='lat' dir='ltr'><strong>Camere..</strong></span> 
     </span>
    </p>

    <p class='ocr_par' dir='ltr' id='par_1_15' title="bbox 346 2635 2651 2715">
     <span class='ocr_line' id='line_1_20' title="bbox 346 2635 2651 2715; baseline -0.001 -16"><span class='ocrx_word' id='word_1_110' title='bbox 346 2637 671 2699; x_wconf 87' lang='lat' dir='ltr'><strong>Johannes</strong></span> <span class='ocrx_word' id='word_1_111' title='bbox 712 2637 933 2705; x_wconf 83' lang='lat' dir='ltr'><strong>Judas,</strong></span> <span class='ocrx_word' id='word_1_112' title='bbox 978 2636 1057 2697; x_wconf 87' lang='lat' dir='ltr'><strong>ad</strong></span> <span class='ocrx_word' id='word_1_113' title='bbox 1102 2636 1353 2696; x_wconf 83' lang='lat' dir='ltr'><strong>titulum</strong></span> <span class='ocrx_word' id='word_1_114' title='bbox 1398 2636 1759 2715; x_wconf 88' lang='lat' dir='ltr'><strong>patrimonii</strong></span> <span class='ocrx_word' id='word_1_115' title='bbox 1802 2636 1919 2707; x_wconf 89' lang='lat' dir='ltr'><strong>sui,</strong></span> <span class='ocrx_word' id='word_1_116' title='bbox 1966 2635 2130 2715; x_wconf 87' lang='lat' dir='ltr'><strong>quod</strong></span> <span class='ocrx_word' id='word_1_117' title='bbox 2175 2642 2272 2696; x_wconf 88' lang='lat' dir='ltr'><strong>est</strong></span> <span class='ocrx_word' id='word_1_118' title='bbox 2317 2636 2651 2698; x_wconf 86' lang='lat' dir='ltr'><strong>sufficiens.</strong></span> 
     </span>
    </p>

    <p class='ocr_par' dir='ltr' id='par_1_16' title="bbox 350 2741 2500 2820">
     <span class='ocr_line' id='line_1_21' title="bbox 350 2741 2500 2820; baseline 0 -18"><span class='ocrx_word' id='word_1_119' title='bbox 350 2743 701 2803; x_wconf 88' lang='lat' dir='ltr'><strong>Willelmus</strong></span> <span class='ocrx_word' id='word_1_120' title='bbox 742 2742 819 2803; x_wconf 88' lang='lat' dir='ltr'><strong>de</strong></span> <span class='ocrx_word' id='word_1_121' title='bbox 863 2742 1155 2813; x_wconf 89' lang='lat' dir='ltr'><strong>Momele,</strong></span> <span class='ocrx_word' id='word_1_122' title='bbox 1200 2741 1283 2802; x_wconf 88' lang='lat' dir='ltr'><strong>ad</strong></span> <span class='ocrx_word' id='word_1_123' title='bbox 1326 2741 1581 2803; x_wconf 88' lang='lat' dir='ltr'><strong>titulum</strong></span> <span class='ocrx_word' id='word_1_124' title='bbox 1624 2741 1989 2820; x_wconf 88' lang='lat' dir='ltr'><strong>patrimonii</strong></span> <span class='ocrx_word' id='word_1_125' title='bbox 2028 2741 2144 2813; x_wconf 90' lang='lat' dir='ltr'><strong>sui,</strong></span> <span class='ocrx_word' id='word_1_126' title='bbox 2189 2746 2263 2803; x_wconf 88' lang='lat' dir='ltr'><strong>ut</strong></span> <span class='ocrx_word' id='word_1_127' title='bbox 2305 2741 2500 2820; x_wconf 70' lang='lat' dir='ltr'><strong>priuS.</strong></span> 
     </span>
    </p>

    <p class='ocr_par' dir='ltr' id='par_1_17' title="bbox 344 2847 2804 3034">
     <span class='ocr_line' id='line_1_22' title="bbox 344 2847 2804 2927; baseline -0.001 -16"><span class='ocrx_word' id='word_1_128' title='bbox 344 2849 384 2911; x_wconf 90' lang='lat' dir='ltr'><strong>J</strong></span> <span class='ocrx_word' id='word_1_129' title='bbox 388 2849 668 2910; x_wconf 81' lang='lat' dir='ltr'><strong>ohannes</strong></span> <span class='ocrx_word' id='word_1_130' title='bbox 696 2849 773 2910; x_wconf 87' lang='lat' dir='ltr'><strong>de</strong></span> <span class='ocrx_word' id='word_1_131' title='bbox 804 2848 1177 2927; x_wconf 85' lang='lat' dir='ltr'><strong>Lindrugge,</strong></span> <span class='ocrx_word' id='word_1_132' title='bbox 1210 2848 1291 2909; x_wconf 86' lang='lat' dir='ltr'><strong>ad</strong></span> <span class='ocrx_word' id='word_1_133' title='bbox 1317 2848 1856 2927; x_wconf 84' lang='lat' dir='ltr'><strong>presentacionem</strong></span> <span class='ocrx_word' id='word_1_134' title='bbox 1895 2847 2269 2909; x_wconf 86' lang='lat' dir='ltr'><strong>Cancellarii</strong></span> <span class='ocrx_word' id='word_1_135' title='bbox 2299 2847 2804 2921; x_wconf 85' lang='lat' dir='ltr'><strong>Herefordensis,</strong></span> 
     </span>
     <span class='ocr_line' id='line_1_23' title="bbox 753 2955 1055 3034; baseline 0.007 -18"><span class='ocrx_word' id='word_1_136' title='bbox 753 2962 823 3016; x_wconf 88' lang='lat' dir='ltr'><strong>ut</strong></span> <span class='ocrx_word' id='word_1_137' title='bbox 865 2955 1055 3034; x_wconf 78' lang='lat' dir='ltr'><strong>ptine.</strong></span> 
     </span>
    </p>

    <p class='ocr_par' dir='ltr' id='par_1_18' title="bbox 344 3060 2803 3229">
     <span class='ocr_line' id='line_1_24' title="bbox 344 3060 2803 3141; baseline -0.001 -17"><span class='ocrx_word' id='word_1_138' title='bbox 344 3062 384 3124; x_wconf 90' lang='lat' dir='ltr'><strong>J</strong></span> <span class='ocrx_word' id='word_1_139' title='bbox 388 3062 671 3123; x_wconf 86' lang='lat' dir='ltr'><strong>ohannes</strong></span> <span class='ocrx_word' id='word_1_140' title='bbox 712 3063 790 3123; x_wconf 88' lang='lat' dir='ltr'><strong>de</strong></span> <span class='ocrx_word' id='word_1_141' title='bbox 834 3062 1081 3132; x_wconf 85' lang='lat' dir='ltr'><strong>Donne,</strong></span> <span class='ocrx_word' id='word_1_142' title='bbox 1114 3061 1193 3122; x_wconf 87' lang='lat' dir='ltr'><strong>ad</strong></span> <span class='ocrx_word' id='word_1_143' title='bbox 1236 3061 1489 3122; x_wconf 89' lang='lat' dir='ltr'><strong>titulum</strong></span> <span class='ocrx_word' id='word_1_144' title='bbox 1529 3079 1656 3141; x_wconf 90' lang='lat' dir='ltr'><strong>quo</strong></span> <span class='ocrx_word' id='word_1_145' title='bbox 1689 3061 1882 3139; x_wconf 89' lang='lat' dir='ltr'><strong>prius,</strong></span> <span class='ocrx_word' id='word_1_146' title='bbox 1929 3060 2011 3121; x_wconf 86' lang='lat' dir='ltr'><strong>ad</strong></span> <span class='ocrx_word' id='word_1_147' title='bbox 2052 3061 2593 3139; x_wconf 84' lang='lat' dir='ltr'><strong>presentaoionem</strong></span> <span class='ocrx_word' id='word_1_148' title='bbox 2623 3061 2803 3122; x_wconf 89' lang='lat' dir='ltr'><strong>Vice-</strong></span> 
     </span>
     <span class='ocr_line' id='line_1_25' title="bbox 752 3167 1426 3229; baseline -0.003 -1"><span class='ocrx_word' id='word_1_149' title='bbox 752 3169 1000 3228; x_wconf 84' lang='lat' dir='ltr'><strong>comitis</strong></span> <span class='ocrx_word' id='word_1_150' title='bbox 1044 3167 1426 3229; x_wconf 80' lang='lat' dir='ltr'><strong>Hereiordie.</strong></span> 
     </span>
    </p>

    <p class='ocr_par' dir='ltr' id='par_1_19' title="bbox 348 3273 2022 3350">
     <span class='ocr_line' id='line_1_26' title="bbox 348 3273 2022 3350; baseline -0.001 -16"><span class='ocrx_word' id='word_1_151' title='bbox 348 3275 665 3335; x_wconf 83' lang='lat' dir='ltr'><strong>Henricus</strong></span> <span class='ocrx_word' id='word_1_152' title='bbox 707 3274 784 3334; x_wconf 88' lang='lat' dir='ltr'><strong>de</strong></span> <span class='ocrx_word' id='word_1_153' title='bbox 829 3275 1171 3344; x_wconf 89' lang='lat' dir='ltr'><strong>Merstone,</strong></span> <span class='ocrx_word' id='word_1_154' title='bbox 1217 3273 1297 3334; x_wconf 83' lang='lat' dir='ltr'><strong>ad</strong></span> <span class='ocrx_word' id='word_1_155' title='bbox 1339 3273 1597 3333; x_wconf 88' lang='lat' dir='ltr'><strong>titulum</strong></span> <span class='ocrx_word' id='word_1_156' title='bbox 1638 3273 2022 3350; x_wconf 74' lang='lat' dir='ltr'><strong>patrimonii.</strong></span> 
     </span>
    </p>

    <p class='ocr_par' dir='ltr' id='par_1_20' title="bbox 345 3377 2211 3458">
     <span class='ocr_line' id='line_1_27' title="bbox 345 3377 2211 3458; baseline -0.002 -19"><span class='ocrx_word' id='word_1_157' title='bbox 345 3380 621 3440; x_wconf 81' lang='lat' dir='ltr'><strong>Thomas</strong></span> <span class='ocrx_word' id='word_1_158' title='bbox 664 3380 740 3440; x_wconf 86' lang='lat' dir='ltr'><strong>de</strong></span> <span class='ocrx_word' id='word_1_159' title='bbox 785 3380 1136 3441; x_wconf 86' lang='lat' dir='ltr'><strong>Stauntone</strong></span> <span class='ocrx_word' id='word_1_160' title='bbox 1180 3378 1376 3458; x_wconf 86' lang='lat' dir='ltr'><strong>Lacy,</strong></span> <span class='ocrx_word' id='word_1_161' title='bbox 1421 3378 1502 3438; x_wconf 88' lang='lat' dir='ltr'><strong>ad</strong></span> <span class='ocrx_word' id='word_1_162' title='bbox 1544 3378 1799 3438; x_wconf 87' lang='lat' dir='ltr'><strong>titulum</strong></span> <span class='ocrx_word' id='word_1_163' title='bbox 1829 3377 2211 3454; x_wconf 80' lang='lat' dir='ltr'><strong>patrimonii.</strong></span> 
     </span>
    </p>

    <p class='ocr_par' dir='ltr' id='par_1_21' title="bbox 345 3482 2666 3566">
     <span class='ocr_line' id='line_1_28' title="bbox 345 3482 2666 3566; baseline -0.001 -19"><span class='ocrx_word' id='word_1_164' title='bbox 345 3486 705 3566; x_wconf 82' lang='lat' dir='ltr'><strong>Stephanus</strong></span> <span class='ocrx_word' id='word_1_165' title='bbox 747 3485 825 3545; x_wconf 87' lang='lat' dir='ltr'><strong>de</strong></span> <span class='ocrx_word' id='word_1_166' title='bbox 869 3484 1277 3564; x_wconf 86' lang='lat' dir='ltr'><strong>Bromyarde,</strong></span> <span class='ocrx_word' id='word_1_167' title='bbox 1322 3483 1403 3545; x_wconf 83' lang='lat' dir='ltr'><strong>ad</strong></span> <span class='ocrx_word' id='word_1_168' title='bbox 1445 3483 1776 3543; x_wconf 83' lang='lat' dir='ltr'><strong>servicium</strong></span> <span class='ocrx_word' id='word_1_169' title='bbox 1819 3482 2019 3543; x_wconf 83' lang='lat' dir='ltr'><strong>Beate</strong></span> <span class='ocrx_word' id='word_1_170' title='bbox 2064 3483 2266 3544; x_wconf 80' lang='lat' dir='ltr'><strong>Maris</strong></span> <span class='ocrx_word' id='word_1_171' title='bbox 2308 3483 2386 3544; x_wconf 86' lang='lat' dir='ltr'><strong>de</strong></span> <span class='ocrx_word' id='word_1_172' title='bbox 2429 3482 2666 3546; x_wconf 85' lang='lat' dir='ltr'><strong>eadem.</strong></span> 
     </span>
    </p>

    <p class='ocr_par' dir='ltr' id='par_1_22' title="bbox 344 3588 1976 3668">
     <span class='ocr_line' id='line_1_29' title="bbox 344 3588 1976 3668; baseline -0.002 -16"><span class='ocrx_word' id='word_1_173' title='bbox 344 3592 670 3652; x_wconf 80' lang='lat' dir='ltr'><strong>Johannes</strong></span> <span class='ocrx_word' id='word_1_174' title='bbox 712 3591 789 3651; x_wconf 88' lang='lat' dir='ltr'><strong>de</strong></span> <span class='ocrx_word' id='word_1_175' title='bbox 834 3590 1129 3660; x_wconf 85' lang='lat' dir='ltr'><strong>Wiltono,</strong></span> <span class='ocrx_word' id='word_1_176' title='bbox 1176 3590 1250 3650; x_wconf 82' lang='lat' dir='ltr'><strong>ad</strong></span> <span class='ocrx_word' id='word_1_177' title='bbox 1298 3588 1551 3650; x_wconf 89' lang='lat' dir='ltr'><strong>titulum</strong></span> <span class='ocrx_word' id='word_1_178' title='bbox 1594 3589 1976 3668; x_wconf 89' lang='lat' dir='ltr'><strong>patrimonii.</strong></span> 
     </span>
    </p>

    <p class='ocr_par' dir='ltr' id='par_1_23' title="bbox 346 3695 1103 3774">
     <span class='ocr_line' id='line_1_30' title="bbox 346 3695 1103 3774; baseline -0.003 -19"><span class='ocrx_word' id='word_1_179' title='bbox 346 3696 677 3774; x_wconf 81' lang='lat' dir='ltr'><strong>Philippus</strong></span> <span class='ocrx_word' id='word_1_180' title='bbox 718 3695 795 3756; x_wconf 88' lang='lat' dir='ltr'><strong>de</strong></span> <span class='ocrx_word' id='word_1_181' title='bbox 848 3695 1103 3756; x_wconf 84' lang='lat' dir='ltr'><strong>Stowia.</strong></span> 
     </span>
    </p>

    <p class='ocr_par' dir='ltr' id='par_1_24' title="bbox 342 3798 2538 3871">
     <span class='ocr_line' id='line_1_31' title="bbox 342 3798 2538 3871; baseline -0.002 -8"><span class='ocrx_word' id='word_1_182' title='bbox 342 3802 656 3863; x_wconf 82' lang='lat' dir='ltr'><strong>Robertus</strong></span> <span class='ocrx_word' id='word_1_183' title='bbox 696 3803 775 3861; x_wconf 87' lang='lat' dir='ltr'><strong>do</strong></span> <span class='ocrx_word' id='word_1_184' title='bbox 818 3800 1127 3871; x_wconf 79' lang='lat' dir='ltr'><strong>Olifforde,</strong></span> <span class='ocrx_word' id='word_1_185' title='bbox 1174 3800 1255 3860; x_wconf 87' lang='lat' dir='ltr'><strong>ad</strong></span> <span class='ocrx_word' id='word_1_186' title='bbox 1298 3800 1629 3861; x_wconf 83' lang='lat' dir='ltr'><strong>servicium</strong></span> <span class='ocrx_word' id='word_1_187' title='bbox 1672 3800 1874 3861; x_wconf 90' lang='lat' dir='ltr'><strong>Beate</strong></span> <span class='ocrx_word' id='word_1_188' title='bbox 1927 3799 2128 3859; x_wconf 87' lang='lat' dir='ltr'><strong>Marie</strong></span> <span class='ocrx_word' id='word_1_189' title='bbox 2168 3798 2246 3858; x_wconf 80' lang='lat' dir='ltr'><strong>de</strong></span> <span class='ocrx_word' id='word_1_190' title='bbox 2295 3799 2538 3860; x_wconf 87' lang='lat' dir='ltr'><strong>eadem.</strong></span> 
     </span>
    </p>

    <p class='ocr_par' dir='ltr' id='par_1_25' title="bbox 341 3905 2368 3984">
     <span class='ocr_line' id='line_1_32' title="bbox 341 3905 2368 3984; baseline -0.002 -15"><span class='ocrx_word' id='word_1_191' title='bbox 341 3909 664 3971; x_wconf 78' lang='lat' dir='ltr'><strong>Galfridus</strong></span> <span class='ocrx_word' id='word_1_192' title='bbox 705 3909 783 3969; x_wconf 84' lang='lat' dir='ltr'><strong>de</strong></span> <span class='ocrx_word' id='word_1_193' title='bbox 825 3908 1001 3979; x_wconf 83' lang='lat' dir='ltr'><strong>Akle,</strong></span> <span class='ocrx_word' id='word_1_194' title='bbox 1048 3907 1129 3967; x_wconf 84' lang='lat' dir='ltr'><strong>ad</strong></span> <span class='ocrx_word' id='word_1_195' title='bbox 1180 3907 1530 3967; x_wconf 85' lang='lat' dir='ltr'><strong>cantariam</strong></span> <span class='ocrx_word' id='word_1_196' title='bbox 1575 3907 1814 3984; x_wconf 85' lang='lat' dir='ltr'><strong>capelle</strong></span> <span class='ocrx_word' id='word_1_197' title='bbox 1855 3905 1932 3965; x_wconf 87' lang='lat' dir='ltr'><strong>de</strong></span> <span class='ocrx_word' id='word_1_198' title='bbox 1977 3905 2368 3984; x_wconf 80' lang='lat' dir='ltr'><strong>Streddowy.</strong></span> 
     </span>
    </p>

    <p class='ocr_par' dir='ltr' id='par_1_26' title="bbox 345 4011 2652 4092">
     <span class='ocr_line' id='line_1_33' title="bbox 345 4011 2652 4092; baseline -0.001 -17"><span class='ocrx_word' id='word_1_199' title='bbox 345 4015 626 4092; x_wconf 85' lang='lat' dir='ltr'><strong>Rogerus</strong></span> <span class='ocrx_word' id='word_1_200' title='bbox 668 4013 746 4075; x_wconf 90' lang='lat' dir='ltr'><strong>de</strong></span> <span class='ocrx_word' id='word_1_201' title='bbox 788 4013 1012 4076; x_wconf 86' lang='lat' dir='ltr'><strong>Castro</strong></span> <span class='ocrx_word' id='word_1_202' title='bbox 1055 4012 1387 4083; x_wconf 87' lang='lat' dir='ltr'><strong>Godriche,</strong></span> <span class='ocrx_word' id='word_1_203' title='bbox 1434 4012 1516 4072; x_wconf 86' lang='lat' dir='ltr'><strong>ad</strong></span> <span class='ocrx_word' id='word_1_204' title='bbox 1558 4013 1811 4072; x_wconf 88' lang='lat' dir='ltr'><strong>titulum</strong></span> <span class='ocrx_word' id='word_1_205' title='bbox 1855 4013 1918 4072; x_wconf 86' lang='lat' dir='ltr'><strong>lx</strong></span> <span class='ocrx_word' id='word_1_206' title='bbox 1963 4011 2301 4072; x_wconf 84' lang='lat' dir='ltr'><strong>solidorum</strong></span> <span class='ocrx_word' id='word_1_207' title='bbox 2343 4017 2416 4072; x_wconf 88' lang='lat' dir='ltr'><strong>ut</strong></span> <span class='ocrx_word' id='word_1_208' title='bbox 2457 4012 2652 4090; x_wconf 89' lang='lat' dir='ltr'><strong>prius.</strong></span> 
     </span>
    </p>

    <p class='ocr_par' dir='ltr' id='par_1_27' title="bbox 346 4117 1923 4197">
     <span class='ocr_line' id='line_1_34' title="bbox 346 4117 1923 4197; baseline -0.003 -17"><span class='ocrx_word' id='word_1_209' title='bbox 346 4120 622 4180; x_wconf 82' lang='lat' dir='ltr'><strong>Thomas</strong></span> <span class='ocrx_word' id='word_1_210' title='bbox 665 4120 741 4180; x_wconf 86' lang='lat' dir='ltr'><strong>de</strong></span> <span class='ocrx_word' id='word_1_211' title='bbox 786 4120 1075 4190; x_wconf 83' lang='lat' dir='ltr'><strong>Newent,</strong></span> <span class='ocrx_word' id='word_1_212' title='bbox 1122 4119 1203 4179; x_wconf 88' lang='lat' dir='ltr'><strong>ad</strong></span> <span class='ocrx_word' id='word_1_213' title='bbox 1245 4119 1497 4179; x_wconf 87' lang='lat' dir='ltr'><strong>titulum</strong></span> <span class='ocrx_word' id='word_1_214' title='bbox 1542 4117 1923 4197; x_wconf 81' lang='lat' dir='ltr'><strong>patrimonii.</strong></span> 
     </span>
    </p>

    <p class='ocr_par' dir='ltr' id='par_1_28' title="bbox 341 4221 2808 4498">
     <span class='ocr_line' id='line_1_35' title="bbox 341 4221 2806 4303; baseline -0.001 -17"><span class='ocrx_word' id='word_1_215' title='bbox 341 4225 381 4287; x_wconf 90' lang='lat' dir='ltr'><strong>J</strong></span> <span class='ocrx_word' id='word_1_216' title='bbox 386 4225 668 4286; x_wconf 84' lang='lat' dir='ltr'><strong>ohannes</strong></span> <span class='ocrx_word' id='word_1_217' title='bbox 710 4224 914 4285; x_wconf 88' lang='lat' dir='ltr'><strong>dictus</strong></span> <span class='ocrx_word' id='word_1_218' title='bbox 957 4226 1257 4296; x_wconf 77' lang='lat' dir='ltr'><strong>Piscator,</strong></span> <span class='ocrx_word' id='word_1_219' title='bbox 1310 4225 1386 4284; x_wconf 81' lang='lat' dir='ltr'><strong>ad</strong></span> <span class='ocrx_word' id='word_1_220' title='bbox 1443 4223 1987 4303; x_wconf 85' lang='lat' dir='ltr'><strong>presentacionem</strong></span> <span class='ocrx_word' id='word_1_221' title='bbox 2037 4221 2296 4282; x_wconf 85' lang='lat' dir='ltr'><strong>Roberti</strong></span> <span class='ocrx_word' id='word_1_222' title='bbox 2358 4221 2437 4282; x_wconf 85' lang='lat' dir='ltr'><strong>de</strong></span> <span class='ocrx_word' id='word_1_223' title='bbox 2480 4222 2694 4301; x_wconf 86' lang='lat' dir='ltr'><strong>Mersy</strong></span> <span class='ocrx_word' id='word_1_224' title='bbox 2739 4229 2806 4284; x_wconf 86' lang='lat' dir='ltr'><strong>et</strong></span> 
     </span>
     <span class='ocr_line' id='line_1_36' title="bbox 750 4328 2808 4410; baseline -0 -19"><span class='ocrx_word' id='word_1_225' title='bbox 750 4331 913 4391; x_wconf 85' lang='lat' dir='ltr'><strong>cavit</strong></span> <span class='ocrx_word' id='word_1_226' title='bbox 954 4349 1068 4410; x_wconf 89' lang='lat' dir='ltr'><strong>pro</strong></span> <span class='ocrx_word' id='word_1_227' title='bbox 1109 4349 1184 4391; x_wconf 90' lang='lat' dir='ltr'><strong>eo</strong></span> <span class='ocrx_word' id='word_1_228' title='bbox 1250 4330 1554 4408; x_wconf 86' lang='lat' dir='ltr'><strong>Magister</strong></span> <span class='ocrx_word' id='word_1_229' title='bbox 1595 4329 1672 4389; x_wconf 86' lang='lat' dir='ltr'><strong>de</strong></span> <span class='ocrx_word' id='word_1_230' title='bbox 1736 4328 2096 4399; x_wconf 72' lang='lat' dir='ltr'><strong>chaundos,</strong></span> <span class='ocrx_word' id='word_1_231' title='bbox 2140 4328 2405 4406; x_wconf 88' lang='lat' dir='ltr'><strong>prestito</strong></span> <span class='ocrx_word' id='word_1_232' title='bbox 2447 4328 2808 4406; x_wconf 86' lang='lat' dir='ltr'><strong>juramento</strong></span> 
     </span>
     <span class='ocr_line' id='line_1_37' title="bbox 751 4435 1803 4498; baseline -0.004 0"><span class='ocrx_word' id='word_1_233' title='bbox 751 4437 828 4498; x_wconf 83' lang='lat' dir='ltr'><strong>ad</strong></span> <span class='ocrx_word' id='word_1_234' title='bbox 872 4437 1223 4496; x_wconf 79' lang='lat' dir='ltr'><strong>faciendam</strong></span> <span class='ocrx_word' id='word_1_235' title='bbox 1271 4435 1550 4495; x_wconf 85' lang='lat' dir='ltr'><strong>litteram</strong></span> <span class='ocrx_word' id='word_1_236' title='bbox 1601 4454 1803 4495; x_wconf 87' lang='lat' dir='ltr'><strong>suam.</strong></span> 
     </span>
    </p>

    <p class='ocr_par' dir='ltr' id='par_1_29' title="bbox 347 4539 2502 4619">
     <span class='ocr_line' id='line_1_38' title="bbox 347 4539 2502 4619; baseline -0.001 -17"><span class='ocrx_word' id='word_1_237' title='bbox 347 4542 699 4602; x_wconf 90' lang='lat' dir='ltr'><strong>Willelmus</strong></span> <span class='ocrx_word' id='word_1_238' title='bbox 742 4542 820 4602; x_wconf 88' lang='lat' dir='ltr'><strong>de</strong></span> <span class='ocrx_word' id='word_1_239' title='bbox 862 4541 1162 4614; x_wconf 77' lang='lat' dir='ltr'><strong>Waliord,</strong></span> <span class='ocrx_word' id='word_1_240' title='bbox 1209 4541 1285 4601; x_wconf 87' lang='lat' dir='ltr'><strong>ad</strong></span> <span class='ocrx_word' id='word_1_241' title='bbox 1332 4541 1587 4601; x_wconf 81' lang='lat' dir='ltr'><strong>titulum</strong></span> <span class='ocrx_word' id='word_1_242' title='bbox 1629 4540 1992 4619; x_wconf 83' lang='lat' dir='ltr'><strong>patrimonii</strong></span> <span class='ocrx_word' id='word_1_243' title='bbox 2033 4540 2151 4611; x_wconf 89' lang='lat' dir='ltr'><strong>sui,</strong></span> <span class='ocrx_word' id='word_1_244' title='bbox 2197 4545 2268 4599; x_wconf 89' lang='lat' dir='ltr'><strong>ut</strong></span> <span class='ocrx_word' id='word_1_245' title='bbox 2309 4539 2502 4618; x_wconf 88' lang='lat' dir='ltr'><strong>prius.</strong></span> 
     </span>
    </p>

    <p class='ocr_par' dir='ltr' id='par_1_30' title="bbox 344 4643 1920 4727">
     <span class='ocr_line' id='line_1_39' title="bbox 344 4643 1920 4727; baseline -0.004 -19"><span class='ocrx_word' id='word_1_246' title='bbox 344 4647 536 4727; x_wconf 87' lang='lat' dir='ltr'><strong>Hugo</strong></span> <span class='ocrx_word' id='word_1_247' title='bbox 577 4647 655 4707; x_wconf 79' lang='lat' dir='ltr'><strong>de</strong></span> <span class='ocrx_word' id='word_1_248' title='bbox 698 4647 1067 4718; x_wconf 85' lang='lat' dir='ltr'><strong>Racheford,</strong></span> <span class='ocrx_word' id='word_1_249' title='bbox 1114 4647 1197 4707; x_wconf 83' lang='lat' dir='ltr'><strong>ad</strong></span> <span class='ocrx_word' id='word_1_250' title='bbox 1240 4646 1495 4706; x_wconf 86' lang='lat' dir='ltr'><strong>titulum</strong></span> <span class='ocrx_word' id='word_1_251' title='bbox 1538 4643 1920 4724; x_wconf 88' lang='lat' dir='ltr'><strong>patrimonii.</strong></span> 
     </span>
    </p>

    <p class='ocr_par' dir='ltr' id='par_1_31' title="bbox 354 4749 2802 4831">
     <span class='ocr_line' id='line_1_40' title="bbox 354 4749 2802 4831; baseline -0.001 -17"><span class='ocrx_word' id='word_1_252' title='bbox 354 4753 699 4814; x_wconf 89' lang='lat' dir='ltr'><strong>Willelmus</strong></span> <span class='ocrx_word' id='word_1_253' title='bbox 739 4753 817 4813; x_wconf 85' lang='lat' dir='ltr'><strong>de</strong></span> <span class='ocrx_word' id='word_1_254' title='bbox 860 4753 1363 4831; x_wconf 82' lang='lat' dir='ltr'><strong>Leyntwarthin,</strong></span> <span class='ocrx_word' id='word_1_255' title='bbox 1410 4752 1489 4812; x_wconf 84' lang='lat' dir='ltr'><strong>ad</strong></span> <span class='ocrx_word' id='word_1_256' title='bbox 1530 4749 2074 4830; x_wconf 82' lang='lat' dir='ltr'><strong>presentacionem</strong></span> <span class='ocrx_word' id='word_1_257' title='bbox 2124 4749 2388 4811; x_wconf 85' lang='lat' dir='ltr'><strong>Abbatis</strong></span> <span class='ocrx_word' id='word_1_258' title='bbox 2429 4751 2507 4811; x_wconf 87' lang='lat' dir='ltr'><strong>de</strong></span> <span class='ocrx_word' id='word_1_259' title='bbox 2573 4751 2802 4831; x_wconf 84' lang='lat' dir='ltr'><strong>Wyge-</strong></span> 
     </span>
    </p>
   </div>
   <div class='ocr_carea' id='block_1_8' title="bbox 750 4878 942 4920">
    <p class='ocr_par' dir='ltr' id='par_1_32' title="bbox 750 4878 942 4920">
     <span class='ocr_line' id='line_1_41' title="bbox 750 4878 942 4920; baseline 0 0"><span class='ocrx_word' id='word_1_260' title='bbox 750 4878 942 4920; x_wconf 84' lang='lat' dir='ltr'><strong>more.</strong></span> 
     </span>
    </p>
   </div>
  </div>
 </body>
</html>
