3619 5868
1177 530 1475 610 Episcopi
1528 531 1601 589 H
1597 531 1931 610 ereforden-3
1940 531 2011 591 2'3.
2742 534 2821 593 65

355 754 884 816 benediccionem.
999 754 1395 816 Constitutus
1477 755 1541 814 in
1617 754 1943 834 presencia
2028 761 2242 815 nostra
2312 756 2575 816 dilectus
2659 756 2825 817 filius

355 860 400 921 J
403 859 690 921 ohannes
721 860 959 933 Abbad,
992 861 1253 921 clericus
1297 866 1404 921 tue
1445 860 1730 933 diocesis,
1762 861 1944 921 nobis
1991 860 2313 920 humiliter
2356 861 2725 940 supplicavit
2754 868 2825 921 ut

375 986 521 1028 cum
573 988 648 1028 eo
697 986 886 1046 super
935 966 1180 1027 defectu
1229 968 1557 1039 natalium,
1589 986 1774 1047 quem
1825 968 2065 1047 patitur
2110 967 2187 1027 de
2230 966 2435 1027 soluto
2480 968 2725 1045 genitus
2766 973 2829 1027 et

362 1074 595 1145 soluta,
627 1074 989 1153 dispensare
1017 1072 1501 1135 misericorditer
1528 1093 1911 1135 curaremus.
2001 1074 2096 1133 Ad
2126 1079 2187 1133 te
2217 1074 2405 1153 igitur
2434 1074 2827 1135 remittentes

365 1180 657 1252 eundem,
692 1180 1068 1240 fraternitati
1120 1187 1226 1240 tue
1271 1198 1381 1258 per
1431 1178 1776 1258 apostolica
1826 1180 2061 1258 scripta
2102 1178 2477 1240 mandamus
2506 1179 2825 1258 quatinuS,

367 1286 783 1348 consideratis
825 1285 1154 1364 diligenter
1195 1286 1696 1346 circumstaneiis
1737 1285 2048 1346 universis
2089 1305 2209 1364 que
2239 1285 2404 1346 cirea
2446 1286 2825 1363 ydoneyeta-

355 1396 490 1453 tem
531 1392 764 1452 tuerint
803 1390 1207 1462 attendende,
1253 1391 1306 1451 si
1335 1402 1596 1469 paterne
1625 1410 1752 1450 non
1783 1399 1879 1451 est
1910 1390 2367 1451 incontineneie
2396 1391 2693 1461 imitator,
2726 1397 2824 1451 set

365 1497 530 1559 bone
602 1496 1098 1558 conversacionis
1155 1503 1216 1557 et
1273 1496 1418 1568 vite,
1479 1516 1665 1575 super
1713 1497 1941 1575 quibus
1995 1503 2169 1557 tuam
2241 1497 2627 1557 intendimus
2682 1516 2826 1557 con-

371 1603 708 1665 scienciam
739 1622 1018 1677 onerare,
1051 1604 1329 1682 aliasque
1358 1602 1476 1664 sibi
1506 1604 1734 1663 merita
1761 1603 2186 1682 suffragantur
2214 1604 2295 1664 ad
2338 1604 2830 1682 dispensacionis

361 1710 640 1789 graciam
671 1710 1097 1789 optinendam,
1122 1710 1308 1788 quod,
1341 1709 1700 1787 hujusmodi
1729 1729 1858 1769 non
1888 1709 2179 1770 obstante
2207 1709 2475 1781 defectu,
2502 1709 2581 1770 ad
2609 1729 2827 1770 omnes

365 1816 620 1877 ordines
675 1816 1044 1895 promoveri,
1103 1821 1166 1877 et
1221 1816 1712 1877 ecclesiasticum
1771 1815 2163 1887 beneficium,
2222 1816 2417 1877 eciam
2488 1816 2541 1878 si
2611 1836 2826 1877 curam

367 1921 600 1983 habeat
639 1922 1012 1995 animarum,
1051 1921 1332 1982 obtinere
1361 1920 1589 1992 valeat,
1621 1940 1855 1993 secum,
1886 1928 2220 2001 postquam
2258 1942 2370 2000 per
2405 1922 2723 1982 biennium
2760 1922 2826 1981 in

367 2028 718 2107 gramatice.
769 2026 1098 2103 studuerit,
1149 2027 1525 2087 auctoritate
1574 2034 1792 2087 nostra
1846 2025 2194 2105 dispenses,
2245 2033 2429 2105 prout
2484 2028 2828 2088 secundum

367 2133 574 2195 Deum
633 2134 842 2193 anime
899 2152 1010 2194 sue
1067 2132 1256 2193 saluti
1312 2130 1540 2193 videris
1591 2132 1903 2211 expedire.
2016 2133 2120 2194 Ita
2170 2138 2402 2205 tamen,
2450 2134 2616 2213 quod
2660 2134 2828 2194 idem

365 2241 629 2302 clericus
658 2242 739 2301 ad
775 2241 1044 2313 ordines,
1077 2241 1240 2301 sicut
1282 2239 1555 2319 requiret
1597 2259 1757 2301 onus
1797 2239 2085 2301 beneficii
2126 2240 2290 2320 quod
2334 2261 2477 2302 eum
2520 2247 2663 2319 post
2705 2242 2825 2303 dis-

364 2348 810 2427 pensacionem
839 2346 1201 2425 hujusmodi
1229 2346 1508 2407 obtinere
1544 2346 1895 2431 contigerit,
1928 2366 1996 2407 se
2025 2346 2215 2407 faciat
2244 2348 2500 2408 statutis
2534 2348 2826 2426 tempori-

361 2454 480 2515 bus
509 2452 879 2532 promoveri,
905 2459 968 2513 et
997 2452 1407 2531 personaliter
1436 2452 1706 2512 resideat
1736 2451 1802 2511 in
1832 2451 2071 2512 eodem.
2145 2452 2435 2531 Alioquin
2464 2451 2828 2530 hujusmodi

365 2560 579 2638 gracia
608 2559 812 2638 quoad
843 2559 1216 2620 beneficium
1255 2558 1460 2637 ipsum
1495 2558 1730 2619 nullius
1757 2558 2012 2637 penitus
2055 2558 2136 2618 sit
2178 2560 2499 2618 momenti.
2588 2558 2826 2647 Datum

365 2666 680 2745 Lugduni,
711 2666 931 2727 Idibus
971 2667 1146 2738 Maii,
1178 2666 1582 2746 pontificatus
1627 2666 1828 2726 nostri
1857 2684 2024 2726 anno
2062 2666 2272 2727 tercIO.
2359 2666 2447 2725 Et
2477 2664 2827 2727 notandum

367 2773 538 2853 quod
584 2774 648 2833 in
700 2773 902 2833 forma
941 2778 1274 2852 prenotata
1312 2773 1748 2852 dispensatum
1790 2778 1887 2833 est
1928 2792 2073 2832 cum
2116 2772 2357 2844 eodem,
2394 2773 2459 2851 iij
2509 2772 2829 2833 Kalendas

365 2880 620 2960 Aprilis,
692 2899 861 2941 anno
932 2879 1188 2942 Domini
1267 2879 1728 2942 M⁰CC⁰LXX0
1797 2879 2087 2958 septim0,
2156 2878 2560 2959 pontificatus
2628 2877 2829 2940 nostri

357 3005 530 3048 anno
573 2987 867 3048 secund0.

357 3320 516 3379 Nov.
563 3323 619 3389 3,
663 3316 1094 3379 1275.—Writ
1138 3324 1196 3377 to
1240 3316 1337 3376 the
1387 3316 1626 3394 Sheriff
1672 3316 1742 3394 of
1789 3314 2162 3393 Derbyshire
2220 3321 2277 3374 to
2333 3314 2509 3374 order
2568 3313 2826 3374 Thomas

608 3400 681 3459 de
754 3398 1081 3459 Chaworth
1153 3405 1210 3458 to
1283 3397 1449 3458 hand
1518 3417 1655 3457 over
1718 3404 1776 3456 to
1849 3396 1945 3456 the
2014 3395 2249 3474 Bishop
2318 3416 2386 3454 as
2460 3393 2556 3455 his
2624 3394 2825 3454 words

609 3481 895 3558 Marqery
952 3479 1077 3539 and
1132 3478 1445 3549 Dionisia,
1489 3477 1819 3555 dauqhters
1862 3477 1988 3537 and
2034 3476 2315 3536 heiresscs
2359 3477 2428 3554 os
2475 3475 2725 3553 Ranuls
2774 3475 2826 3535 le

609 3562 781 3631 Poer,
837 3561 970 3620 who
1043 3560 1180 3620 held
1252 3560 1428 3620 lamis
1498 3560 1568 3638 of
1631 3558 1726 3618 the
1797 3558 2054 3636 Bishop,
2126 3557 2251 3617 and
2322 3555 2391 3614 in
2458 3557 2694 3634 default
2763 3557 2834 3635 of

607 3642 918 3702 obedience
962 3648 1019 3701 to
1061 3661 1338 3702 sammon
1395 3639 1526 3699 him
1575 3639 1766 3718 before
1813 3638 1908 3698 the
1951 3638 2215 3698 Justices
2258 3644 2324 3697 at
2373 3637 2804 3696 Wcstminster.

526 3825 728 3885 Breve
758 3824 1015 3884 Domini
1037 3823 1244 3902 RegiS,
1270 3842 1380 3901 per
1402 3821 1565 3902 quod
1591 3821 1950 3899 Episcopus
1975 3819 2454 3882 Herefordensis
2475 3819 2826 3897 implacitat

55 3961 142 4001 1:01,
169 3961 266 4003 2112,
359 3934 676 3994 Thomam
719 3931 797 3993 de
841 3931 1216 3994 Ghawrthes
1257 3930 1335 3991 de
1377 3929 1664 3991 custodia
1710 3929 1982 3989 filiarum
2032 3934 2094 3988 et
2136 3926 2436 3987 heredum
2479 3926 2729 3987 Ranulfi
2768 3926 2827 3988 le

353 4041 540 4103 Poer.

523 4196 1071 4257 Damna—Rex
1099 4195 1469 4257 Vicecomiti
1498 4193 1784 4265 Derbeie,
1818 4194 2107 4254 salutem.
2192 4192 2450 4271 Precipe
2480 4191 2717 4252 Thome
2746 4192 2824 4253 de

365 4303 742 4365 Ghawrthes
796 4301 962 4382 quod
1016 4303 1181 4380 juste
1237 4305 1300 4361 et
1358 4300 1492 4362 sine
1547 4298 1854 4359 dilacione
1908 4298 2131 4358 reddat
2192 4298 2452 4369 Thome,
2510 4298 2826 4377 Episcopo

367 4408 838 4480 Herefordensi,
889 4406 1264 4486 Margeriam
1313 4411 1377 4466 et
1423 4405 1796 4476 Dionisiam,
1844 4404 2004 4465 filias
2049 4411 2113 4465 et
2161 4403 2423 4465 heredes
2471 4403 2724 4465 Ranulfi
2768 4403 2827 4464 le

365 4518 550 4586 Poer,
582 4534 848 4595 quarum
880 4513 1167 4575 custodia
1196 4513 1273 4573 ad
1303 4512 1509 4592 ipsum
1539 4511 1833 4591 pertinet,
1866 4530 1940 4571 eo
1976 4510 2141 4590 quod
2170 4509 2488 4588 predictus
2517 4509 2829 4571 Ranulfus

365 4630 603 4683 terram
655 4640 834 4682 suam
891 4620 1091 4681 tenuit
1140 4620 1217 4680 de
1274 4619 1313 4680 J
1317 4619 1590 4690 ohanne,
1648 4618 2086 4697 predecessore
2145 4636 2278 4687 su0,
2336 4637 2447 4695 per
2496 4616 2826 4677 servicium

359 4728 657 4798 militare,
687 4733 758 4787 ut
800 4726 968 4788 dicit.
1055 4727 1143 4786 Et
1185 4725 1307 4786 nisi
1347 4724 1580 4796 fecerit,
1613 4725 1760 4804 quia
1802 4722 2084 4802 prefatus
2125 4722 2477 4802 Episcopus
2519 4723 2666 4783 feeit
2708 4742 2825 4784 nos

366 4853 622 4896 securos
673 4833 750 4893 de
805 4833 1046 4894 elameo
1101 4851 1216 4893 suo
1269 4831 1704 4912 prosequendo
1749 4849 1863 4908 per
1914 4829 2227 4908 Rogemm
2276 4829 2354 4889 de
2402 4829 2720 4890 Evesham
2763 4835 2826 4891 et

368 4941 728 5003 «Iohannem
781 4938 860 5000 de
919 4938 1265 5001 Saresbiria
1312 4939 1390 5000 de
1447 4938 1768 4999 Comitatu
1816 4935 2208 5008 Eerefordie,
2260 4956 2661 4998 summoneas
2715 4956 2828 5017 per
