3619 5868
468 1965 571 2007 Pol.
595 1968 661 2006 ⁴2.

773 492 893 553 302
1436 492 1792 571 Reqistrwm
1849 492 2069 554 Thome
2121 492 2196 553 de
2254 491 2584 573 Cantilmpo

775 716 1131 778 willelmus
1170 716 1249 779 de
1290 716 1635 795 Broobury,
1682 717 1760 777 ad
1829 716 2084 778 titulum
2145 717 2528 797 patrimonii,
2593 722 2702 798 qui
2751 718 2987 778 residet
3040 696 3280 797 peries

1183 822 1551 901 magistrum
1582 822 1942 882 Ricardum.

774 928 1097 989 Walterus
1138 928 1216 989 de
1258 928 1782 1008 Welnythehope‚
1828 928 1911 988 sd
1951 928 2296 989 cantariam
2340 928 2539 990 Beate
2585 928 2782 989 Marie
2836 929 2915 990 de
2969 929 3250 990 eadem.

777 1035 1104 1097 «Iohannes
1148 1037 1226 1097 de
1275 1035 1711 1107 Credenhulle‚
1757 1035 1837 1096 ad
1879 1036 2417 1116 presentaeionem
2461 1036 2718 1097 Domini
2755 1036 2834 1097 G.
2879 1036 3191 1097 Talebot.

776 1139 1059 1219 Rogerus
1102 1139 1180 1202 de
1219 1139 1619 1211 Blakewelle,
1660 1140 1743 1201 ad
1789 1140 2045 1201 titulum
2095 1140 2479 1219 patrimonii,
2526 1160 2711 1221 quem
2759 1141 2949 1201 habet
3005 1140 3272 1219 magis-

1018 1254 1117 1307 ter
1166 1248 1241 1307 R.

773 1352 1101 1414 Johannes
1148 1353 1227 1414 de
1278 1352 1592 1425 Bristolle,
1636 1352 1715 1414 de
1764 1352 1946 1425 Ross,
1999 1352 2080 1413 sd
2129 1352 2386 1413 titulum
2429 1353 2806 1433 patrimonii,
2841 1360 2909 1413 ut
2935 1354 3144 1432 prius.

781 1458 973 1535 Hugo
1023 1458 1099 1517 de
1154 1457 1528 1528 Stauntone,
1581 1456 1663 1517 ad
1708 1457 1962 1518 titulum
2012 1458 2394 1536 patrimonii.

778 1563 1087 1625 Ricardus
1137 1564 1214 1624 de
1262 1564 1471 1624 Parva.
1521 1562 1918 1634 Herefordia,
1951 1562 2032 1623 ad
2083 1563 2338 1624 titulum
2385 1563 2769 1643 patrimonii.

783 1670 985 1731 Adam
1034 1670 1113 1730 de
1164 1670 1419 1740 Astone‚
1471 1668 1551 1729 ad
1600 1668 2142 1747 presentaoionem
2205 1668 2467 1729 Roberti
2529 1668 2610 1730 de
2665 1668 3075 1741 Monselowe‚
3127 1689 3266 1748 per

1180 1776 1479 1837 litteram.

942 1942 1219 2003 Nomina.
1260 1942 1599 2003 Rectorum
1641 1940 2074 2003 ordinatorum
2123 1942 2204 2001 ad
2254 1941 2522 2004 Ordines
2571 1942 2986 2022 supradictos.

779 2076 850 2127 de
884 2074 1262 2127 Credenhulle.
1385 2075 1455 2125 de
1488 2077 1732 2125 Lettone.
1991 2074 2060 2125 de
2093 2075 2442 2125 Cardaetone.
2598 2075 2667 2125 de
2699 2076 2886 2141 Caple.

782 2165 852 2216 de
887 2164 1301 2229 Kynardeslege.
1385 2165 1454 2215 de
1490 2166 1650 2231 Hope
1668 2164 1947 2215 Boudlers.
1991 2164 2058 2215 de
2095 2164 2452 2231 staunforde.:
2603 2165 2672 2215 de
2707 2166 2974 2216 Staunton
3005 2182 3240 2283 ἔὲτῶω.

778 2320 849 2373 de
884 2322 1166 2371 staunton.
1385 2320 1453 2370 de
1488 2320 1818 2371 Hanewode.
1991 2320 2060 2370 de
2093 2320 2258 2373 Stoke
2293 2322 2453 2385 Lacy.
2595 2320 2663 2371 de
2697 2321 2894 2371 Birche
2931 2322 3134 2436 sauhtim
3154 2388 3167 2399 ⁸

3087 2402 3228 2438 ane.

886 2564 891 2569 ·
941 2537 1000 2597 Ν
1005 2537 1217 2597 omina
1256 2556 1385 2597 non
1428 2536 1822 2597 venienoium
1866 2535 2282 2598 Leoministre
2321 2538 2402 2598 ad
2444 2536 2730 2610 OrdineS‚
2773 2538 3032 2610 scilieet,
3079 2539 3247 2601 Reo-

772 2649 943 2705 tores
986 2644 1388 2705 ecelesiarum
1430 2644 1509 2704 de
1550 2643 1800 2704 Etone.¹

772 2774 843 2824 de
877 2774 1028 2837 Pipa.
1392 2772 1461 2822 de
1495 2774 1689 2837 Sapey.
2000 2772 2068 2822 de
2103 2772 2405 2837 Buterleye.
2605 2772 2674 2823 de
2706 2774 2884 2823 Parva
2921 2773 3202 2823 Wenlake.

775 2863 845 2913 de
878 2862 1237 2927 Kinkoehope.
1394 2860 1463 2911 de
1497 2861 1837 2925 Ullingwike.
2007 2860 2075 2911 de
2110 2861 2398 2911 Silvetone.
2609 2862 2678 2913 de
2711 2862 3048 2926 Maddelege.

775 2955 846 3005 de
880 2956 1212 3019 Kyngetone.
1385 2952 1454 3002 de
1486 2951 1729 3002 Credele.
1997 2952 2065 3002 de
2099 2953 2262 3004 Stoke
2289 2953 2578 3018 Milburge.
2602 2928 2671 3003 de
2705 2954 3006 3017 Bekebury.

772 3045 843 3096 de
876 3044 1133 3095 Lenhale.
1390 3045 1458 3094 de
1492 3043 1791 3093 Colewelle.
1995 3041 2064 3092 de
2095 3043 2464 3094 Wistantowe.
2599 3043 2668 3093 de
2701 3043 3098 3108 Burnwarlege.

774 3135 845 3188 de
880 3135 1175 3200 Brocbury.
1395 3134 1464 3184 de
1496 3134 1830 3183 Witeburne.
1999 3133 2068 3184 de
2101 3133 2296 3183 Castro
2333 3133 2566 3183 Ricardi.
2605 3133 2674 3183 de
2706 3133 2970 3197 Wililege.

774 3226 845 3279 de
880 3229 1187 3276 Monetone.
1398 3225 1536 3274 Item
1568 3232 1803 3274 rectores
1835 3223 1904 3273 de
2000 3223 2069 3274 de
2103 3223 2516 3288 Hopebagarde.
2605 3223 2674 3274 de
2707 3225 2911 3274 Actone
2947 3224 3228 3275 Rotunda.

778 3318 847 3368 de
880 3317 1133 3382 Byforde.
1400 3317 1701 3365 Estenoure
1732 3323 1785 3365 et
1819 3314 1903 3364 de.
2005 3314 2074 3364 de
2107 3315 2408 3365 Colintone.
2608 3313 2677 3364 de
2714 3313 3047 3364 Musselawe.

779 3408 848 3458 de
882 3409 1075 3470 Bruge.
1397 3405 1662 3457 stokbles.
2001 3405 2070 3456 de
2103 3405 2285 3456 Grete.
2605 3405 2674 3456 de
2708 3405 3022 3470 Schiptone.

773 3497 844 3547 de
879 3497 1278 3562 Biscopestone.
1396 3494 1465 3545 de
1500 3493 1807 3545 Wlfrelowe
1839 3503 1894 3544 et
2005 3495 2139 3545 Tres
2173 3495 2504 3545 Porcionarii
2607 3494 2676 3545 de
2709 3496 2997 3545 Strettone.

775 3586 843 3636 de
877 3587 1165 3636 Strettone.
1392 3582 1496 3633 fuit
1527 3583 1860 3634 ordinandus
2147 3583 2215 3634 de
2251 3583 2562 3634 Bureforde.
2605 3585 2653 3652 J.
2688 3592 2742 3634 et
2778 3584 3115 3650 WiDJfredus

1562 3673 1940 3724 subdiaconus.
2607 3675 2937 3725 Porcionarii
2971 3676 3040 3725 de

777 3767 847 3818 de
882 3766 1167 3816 Radenore
1188 3766 1360 3816 Nova..
1395 3766 1465 3817 de
1498 3765 1673 3814 Parva
1706 3767 1900 3815 Coure.
1999 3765 2068 3815 de
2101 3765 2425 3830 Lindrugge.
2931 3766 3206 3830 Hoiegod.

774 3857 844 3908 de
877 3857 1095 3906 Kinille.
1392 3855 1462 3906 de
1498 3856 1673 3905 Parva
1710 3855 1929 3906 Mas-cle.
2000 3855 2068 3905 de
2103 3855 2384 3920 Cornlege.
2601 3854 2672 3907 de
2705 3855 3097 3906 Wlfstanstone

778 3945 847 3996 de
882 3945 1177 3997 Sernefeld.
1398 3944 1467 3995 de
1502 3945 1699 3994 Froma
1733 3944 1928 3995 Castri.
2002 3944 2070 3994 de
2105 3945 2362 4009 Hoptone
2385 3943 2584 3996 Wafie.
2606 3945 2674 3996 de
2708 3945 2958 3995 Lidham.

776 4037 847 4087 de
882 4035 1230 4101 Grugeslone.
1397 4034 1467 4084 de
1499 4035 1661 4084 Aura.
2000 4034 2069 4084 de
2103 4035 2348 4085 Estham.
2603 4035 2672 4085 de
2707 4037 2879 4084 Mora.

776 4129 847 4179 de
882 4127 1083 4180 Crofte.
1398 4126 1466 4175 de
1499 4125 1808 4189 Westbury.
2001 4125 2070 4175 de
2103 4126 2233 4175 Aka.
2601 4125 2670 4176 de
2704 4125 3124 4190 Clungunforde.

775 4219 845 4270 de
881 4218 1143 4268 Humbre.
1394 4217 1464 4266 de
1497 4215 1824 4266 Blechdone.
2003 4215 2071 4265 de
2107 4215 2292 4266 Bolde.
2605 4215 2673 4266 de
2708 4217 3056 4282 Bromptone.

781 4311 1095 4374 Homptone
1127 4305 1329 4357 Wafre.
1393 4307 1461 4358 de
1497 4306 1818 4369 Huntelege.
1999 4305 2068 4355 de
2101 4304 2391 4356 Wethulle.
2601 4305 2670 4356 de
2705 4307 3098 4372 Montgornery.

776 4400 846 4451 de
879 4397 1192 4449 stretforde.
1394 4396 1463 4446 de
1495 4396 1807 4446 Tabritone.
1999 4397 2068 4446 de
2103 4397 2498 4446 Borewartone.
2603 4396 2674 4446 de
2709 4397 3058 4449 Pulrebache.

776 4489 845 4540 de
879 4491 1248 4539 Peterestowe.
1393 4487 1462 4537 de
1496 4487 1822 4538 Rudeforde.
1997 4487 2066 4538 de
2102 4489 2366 4538 Neutone.
2605 4488 2842 4539 Domino
2875 4489 2943 4539 de
2979 4491 3202 4541 Pontes-

777 4572 846 4622 de
880 4573 1182 4634 Langaran.
3064 4572 3226 4638 bury.

772 4654 843 4704 de
877 4654 1192 4702 lanwaran.
1389 4650 1459 4701 de
1492 4651 1775 4701 Bikenore.
1997 4651 2066 4701 de
2101 4650 2336 4715 Clebury
2368 4651 2563 4701 North.
2601 4652 2978 4702 Porcionarius
3010 4653 3079 4703 de

2911 4735 3206 4801 Westbury

774 4817 843 4868 de
878 4817 1079 4868 Sancta
1112 4816 1322 4879 Kayna..
1392 4814 1461 4865 de
1492 4817 1710 4865 Astone.
1997 4815 2066 4865 de
2101 4814 2449 4865 Middeltone.
2599 4821 2653 4864 et
2687 4815 2754 4864 de
2790 4815 2982 4866 Forda.

868 4937 1037 4978 l—The
1064 4933 1257 4982 paz-aue!
1282 4934 1498 4977 columns
1524 4945 1607 4976 are
1632 4933 1864 4982 arranged
1891 4946 1948 4977 ns
1974 4934 2021 4975 in
2047 4934 2130 4975 the
2156 4935 2257 4976 MS.
2285 4932 2380 4976 and
2406 4945 2488 4976 are
2513 4937 2564 4976 to
2590 4933 2647 4976 be
2673 4933 2786 4976 read
2809 4933 3125 4978 downwands.
