3619 5868
31 1460 122 1503 1201.
146 1459 224 1501 sb.

1133 503 1433 583 Episcopi
1485 503 1967 583 Hcrefordcnsis.
2697 506 2777 567 23

314 726 544 807 aliquis
580 726 1004 806 predictorum
1045 727 1373 789 hominum
1409 734 1770 789 nostrorum
1812 730 1891 789 de
1936 728 2203 789 Selwike
2242 728 2555 789 redditum
2589 748 2775 791 suum

311 850 442 892 non
499 831 839 893 reddiderit
895 832 973 893 ad
1032 834 1372 895 terminum
1421 839 1754 907 statutum,
1797 833 2093 895 nolumus
2140 833 2310 914 quod
2350 834 2544 912 aliqui
2585 834 2775 895 vicini

312 938 436 1011 sui,
483 939 811 1000 occasione
865 938 1033 1001 illius
1091 938 1498 1010 detencionis,
1541 940 2041 1001 occasionentur¹
2090 941 2189 1000 vel
2229 938 2467 1021 aliquid
2524 960 2638 1020 pro
2700 959 2777 1003 eo

271 1048 284 1059 “
311 1044 639 1116 amittant,
685 1050 784 1105 set
837 1044 942 1106 ille
997 1045 1104 1126 qui
1159 1045 1251 1106 sic
1303 1044 1620 1106 redditum
1672 1064 1858 1106 suum
1907 1046 2235 1108 retinuerit
2284 1046 2440 1107 illud
2482 1047 2774 1109 emendet

313 1149 482 1210 sicut
523 1150 698 1211 curia
731 1157 946 1211 nostra
985 1150 1456 1229 adjudicaverit,
1493 1156 1556 1212 et
1597 1150 1650 1212 si
1693 1150 1946 1212 nativus
1989 1158 2205 1212 noster
2244 1150 2452 1225 fuerit,
2486 1153 2779 1223 volumus

311 1256 485 1335 quod
532 1256 718 1316 vicini
767 1256 866 1317 sui
918 1256 1171 1335 capiant
1222 1265 1452 1317 terram
1510 1275 1692 1317 suam
1756 1262 1821 1315 et
1876 1261 2158 1330 teneant,
2219 1264 2283 1318 et
2338 1257 2483 1318 inde
2540 1258 2777 1321 faciant

311 1360 564 1421 firmam
607 1368 911 1422 nostram.
997 1361 1438 1423 Concessimus
1486 1362 1686 1423 eciam
1735 1362 1902 1441 quod
1943 1362 2205 1441 predicti
2246 1362 2532 1424 homines
2574 1365 2776 1425 nostri

310 1468 512 1546 quieti
567 1468 696 1528 sint
751 1467 828 1529 de
882 1467 1012 1527 Tac
1068 1472 1130 1528 et
1185 1468 1322 1527 Tol’
1367 1466 1532 1527 infra
1575 1467 1920 1546 predictam
1974 1467 2187 1528 villam
2237 1468 2314 1531 de
2366 1468 2649 1541 Selwike,
2702 1476 2767 1531 et

314 1592 446 1634 non
503 1573 567 1633 in
627 1573 927 1634 nundinis
985 1572 1222 1633 nostris
1284 1572 1386 1633 vel
1447 1578 1740 1633 mercat0.
1849 1572 2266 1635 Concedimus
2328 1574 2527 1633 eciam
2592 1573 2777 1637 dictis

313 1678 676 1739 hominibus
719 1680 952 1739 nostris
993 1684 1198 1739 totum
1247 1684 1500 1760 pratum
1548 1678 1717 1757 quod
1763 1676 1883 1739 fuit
1926 1678 2245 1758 quondam
2291 1678 2548 1739 Roberti
2594 1679 2777 1741 Folet

308 1784 378 1843 in
421 1784 824 1864 Kyngesleya
867 1790 930 1844 et
971 1784 1038 1843 in
1082 1782 1407 1862 Walneye,
1453 1783 1622 1844 unde
1663 1789 1792 1843 tres
1836 1802 1977 1843 acre
2031 1792 2095 1844 et
2143 1784 2405 1845 dimidia
2449 1786 2661 1864 jacent
2704 1787 2772 1848 in

311 1890 624 1967 Walneye
643 1910 660 1964 3
731 1889 1076 1951 tenendum
1139 1896 1203 1950 et
1271 1889 1634 1951 habendum
1702 1889 1823 1950 sibi
1882 1895 1945 1950 et
2014 1892 2350 1951 heredibus
2410 1893 2540 1953 suis
2608 1895 2773 1955 sicut

311 1996 733 2075 prescriptum
783 2006 879 2057 est
929 1996 1006 2057 ad
1056 1996 1252 2057 vitam
1301 2005 1605 2068 nostram,
1658 2015 1772 2074 pro
1824 1995 2084 2074 triginta
2133 1996 2306 2058 libris
2343 2003 2408 2059 et
2458 1998 2773 2060 sexdecim

313 2102 590 2164 denariis
646 2104 1086 2182 sterlingorum
1141 2105 1488 2175 annuatim,
1555 2103 1736 2163 nobis
1793 2102 2109 2164 solvendis
2164 2104 2245 2165 ad
2301 2114 2572 2184 quatuor
2630 2124 2776 2167 con-

315 2218 534 2270 suetos
575 2212 877 2270 terminos
916 2229 1030 2288 per
1070 2208 1526 2288 Episcopatum
1576 2223 1863 2269 nostrum
1912 2210 2313 2271 constitutos.
2414 2211 2504 2271 Et
2547 2217 2616 2272 ut
2658 2213 2776 2274 hec

314 2316 639 2375 concessio
696 2320 838 2376 rata
899 2315 982 2376 sit
1040 2320 1106 2375 et
1169 2314 1416 2375 stabilis
1475 2314 1556 2375 ad
1619 2324 1822 2374 totam
1887 2314 2083 2374 vitam
2148 2322 2453 2388 nostram,
2496 2318 2777 2396 presenti

313 2422 548 2499 scripto
589 2421 863 2501 sigillum
905 2428 1192 2482 nostrum
1239 2422 1466 2499 apponi
1509 2420 1772 2481 fecimus
1816 2420 1938 2480 hiis
1980 2421 2267 2482 testibus.

317 2603 446 2664 Oct.
491 2601 880 2679 25.-R0yal
931 2600 1074 2660 writ
1132 2608 1189 2661 to
1247 2600 1344 2659 the
1401 2599 1640 2678 Slwrcff
1673 2605 1734 2679 ο]
1791 2600 1889 2659 the
1949 2600 2186 2678 Gounty
2242 2600 2311 2679 of
2360 2601 2661 2681 Heresord
2719 2610 2779 2664 to

559 2702 836 2743 sammon
879 2682 1118 2743 Gilbert
1158 2682 1230 2741 de
1284 2682 1482 2747 Clare,
1530 2681 1688 2740 Earl
1733 2681 1803 2758 of
1850 2681 2213 2754 Gloucester,
2244 2682 2353 2761 sor
2396 2690 2656 2762 trespass
2699 2704 2781 2745 on

561 2764 660 2825 the
698 2763 982 2841 Bishop’s
1029 2762 1224 2823 Ghase
1265 2764 1334 2842 os
1377 2762 1631 2822 Oolwall
1669 2761 1796 2821 and
1838 2762 2127 2823 Eastnor.

477 2895 710 2956 Bnnvn
779 2910 1040 2955 amsans
1111 2893 1372 2955 CONTRA
1443 2892 1749 2954 Commu
1828 2892 2774 2971 Gnoucssm1n.—Edwardus,

311 3002 431 3063 Dei
473 3003 687 3081 gracia
727 3001 860 3062 Rex
903 3001 1144 3080 Anglie‚
1178 3000 1490 3060 Dominus
1534 3000 1880 3079 Hybernie,
1912 3006 1975 3061 et
2018 3000 2162 3060 Dux
2210 3000 2561 3079 Aquitanie,
2593 3001 2773 3064 Vice-

310 3109 530 3171 comiti
588 3108 958 3169 Hereiordie
1005 3106 1296 3168 salutem.
1409 3106 1474 3167 Si
1523 3107 1821 3178 Thomas,
1867 3107 2219 3185 Episcopus
2270 3106 2774 3182 Herefordensis,

311 3215 532 3277 fecerit
588 3221 652 3276 te
707 3233 998 3275 securum
1053 3213 1130 3274 de
1185 3213 1428 3274 clameo
1482 3230 1597 3272 suo
1652 3211 2104 3290 prosequende,
2162 3217 2312 3272 tunc
2368 3231 2777 3276 summoneas

308 3343 421 3402 per
467 3324 666 3383 bonos
708 3320 1195 3382 summonitores
1245 3319 1597 3381 Gilbertum
1647 3319 1726 3378 de
1777 3317 1979 3391 Clare,
2026 3317 2334 3379 Comitem
2382 3318 2777 3380 Gloucestrie

310 3439 374 3490 et
419 3427 806 3498 Hertfordie,
851 3426 1018 3506 quod
1069 3426 1153 3486 sit
1199 3444 1410 3485 coram
1461 3423 1642 3485 nobis
1691 3443 1730 3484 a
1772 3424 1873 3483 die
1925 3423 2139 3485 Sancti
2183 3422 2444 3485 Martini
2486 3425 2552 3484 in
2594 3426 2774 3505 quin-

309 3533 516 3595 decim
561 3534 714 3605 dies,
760 3533 1114 3612 ubicunque
1153 3537 1306 3591 tunc
1354 3531 1656 3591 fuerimus
1701 3531 1766 3589 in
1821 3529 2083 3608 Anglia;
2142 3535 2509 3592 ostensurus
2556 3551 2773 3612 quare,

310 3659 458 3700 cum
495 3638 815 3717 predictus
853 3636 1206 3715 Episcopus
1244 3634 1474 3695 habere
1509 3634 1758 3706 debeat,
1796 3642 1860 3693 et
1898 3633 2369 3712 predecessores
2408 3634 2505 3695 sui
2544 3636 2777 3698 habere

311 3742 753 3805 consueverint
815 3743 1078 3803 liberam
1141 3741 1444 3802 Chaciam
1507 3740 1590 3801 ad
1652 3743 1819 3800 feras
1874 3745 1939 3800 et
1996 3740 2122 3801 alia
2183 3758 2305 3819 que
2366 3739 2449 3802 ad
2514 3741 2777 3803 liberam

311 3851 616 3914 Chaciam
659 3849 999 3930 pertinent,
1039 3848 1102 3907 in
1147 3847 1496 3920 dominicis,
1543 3847 1744 3918 terris,
1789 3855 1855 3906 et
1893 3846 2098 3907 boscis
2134 3845 2333 3925 ipsius
2372 3847 2669 3927 Episcopi
2708 3855 2773 3910 et

311 3957 642 4018 hominurn
692 3974 949 4017 suorum
1004 3954 1083 4016 de
1141 3953 1494 4015 Collewelle
1555 3963 1620 4012 et
1683 3953 2001 4013 Estnoure
2057 3971 2177 4032 que
2232 3952 2311 4014 de
2359 3951 2543 4014 nobis
2596 3959 2777 4020 tenet

307 4063 376 4122 in
426 4063 632 4140 capite
679 4060 746 4120 in
791 4059 1112 4121 comitatu
1161 4057 1549 4130 Herefordie,
1601 4062 1903 4137 tanquam
1953 4057 2373 4134 pertinentem
2424 4056 2507 4118 ad
2556 4057 2775 4119 Eccle-

313 4169 476 4230 siam
535 4186 716 4228 suam
769 4165 1152 4245 predictam3
1213 4163 1532 4244 predictus
1594 4162 1821 4224 Comes
1870 4160 2219 4241 predictum
2269 4161 2659 4241 Episcopum
2705 4163 2774 4225 iu

310 4275 612 4356 predictis
653 4274 836 4335 terris
877 4279 940 4334 et
980 4272 1186 4334 boscis
1235 4270 1596 4351 hujusmodi
1647 4271 1948 4332 Chaciam
1993 4268 2233 4330 habere
2275 4289 2401 4330 non
2444 4271 2772 4349 permittit,

313 4389 413 4442 set
469 4380 772 4443 Chaciam
826 4379 998 4438 illam
1049 4377 1166 4438 sibi
1221 4375 1647 4456 appropriavit
1702 4381 1766 4436 et
1820 4375 2085 4435 attraxit
2140 4373 2403 4436 Foreste
2458 4393 2571 4435 sue
2615 4375 2774 4438 Mal-

312 4485 547 4558 vernie,
593 4503 714 4566 que
761 4491 860 4547 est
913 4483 980 4543 in
1031 4483 1350 4544 Comitatu
1393 4480 1764 4561 Wygornie;
1823 4479 1891 4539 in
1932 4479 2130 4540 nostri
2172 4490 2238 4540 et
2281 4479 2433 4540 dicti
2474 4481 2775 4562 Episcopi

312 4598 378 4653 et
435 4591 720 4652 Ecclesie
775 4609 888 4651 sue
941 4588 1218 4668 predicte
1275 4587 1686 4667 prejudicium
1744 4593 1808 4646 et
1866 4604 1993 4645 non
2049 4585 2363 4646 modicum
2414 4604 2773 4664 gravamen.

313 4699 403 4760 Et
457 4698 692 4760 habeas
745 4697 832 4757 ibi
887 4695 1446 4758 summonicionem
1489 4700 1553 4753 et
1595 4693 1714 4753 hoc
1755 4691 1963 4752 breve.
2073 4691 2261 4752 Teste
2317 4691 2557 4770 meipso
2605 4692 2776 4772 apud

313 4800 974 4871 westmonasterium,
1033 4816 1158 4860 xxv
1215 4798 1314 4858 die
1371 4796 1681 4868 Octobris,
1741 4814 1910 4855 anno
1968 4795 2143 4874 regni
2199 4795 2399 4856 nostri
2456 4796 2669 4858 tercio.

439 4911 673 4954 1-Suffer
691 4911 906 4958 damage.

431 4965 610 5005 2—Tax
637 4963 730 5004 and
755 4961 856 5008 toll.
883 4972 938 5002 so
964 4972 1026 5002 an
1052 4958 1231 5003 annual
1255 4959 1428 5004 charge
1455 4957 1548 4999 and
1573 4955 1690 4998 dues
1713 4957 1804 5003 pro
1834 4958 1951 4996 rata
1978 4968 2034 4998 as
2060 4955 2137 4998 for
2160 4957 2243 4997 the
2270 4968 2355 4997 use
2381 4955 2431 4998 of
2459 4969 2488 4998 a
2514 4956 2628 4998 mill.
