3619 5868
781 423 860 482 32
1443 422 1798 501 Reqistrum
1854 424 2075 483 Thcmoe
2126 424 2201 484 de
2258 424 2591 504 Cantilupo

781 646 1090 726 plicamus
1131 648 1428 726 quatinus
1469 648 1670 707 dictas
1711 648 1909 718 villas,
1954 650 2073 709 Dei
2113 654 2181 709 et
2224 649 2453 709 Sancte
2502 650 2703 710 Maris
2742 650 3063 729 genitricis
3102 650 3258 729 ejus

785 753 1040 824 intuitu,
1084 773 1158 814 ac
1204 773 1319 832 pro
1367 754 1574 814 anime
1619 760 1825 815 vestre
1872 755 2093 825 salute,
2137 754 2319 815 nobis
2368 761 2433 815 et
2473 755 2735 815 ecclesie
2776 761 2991 817 nostre
3032 757 3257 817 velitis

477 872 578 915 Foi.
609 872 702 914 121².
783 860 1040 920 reddere
1095 880 1238 919 cum
1295 860 1544 921 effectu.
1644 861 1731 920 Et
1785 862 1935 941 quia
1987 862 2299 923 nollemus
2340 882 2453 924 vos
2506 862 2853 941 periculum
2907 863 3118 923 anime
3170 882 3259 923 ex

781 966 1152 1027 detencione
1233 986 1448 1027 earum
1533 967 1866 1039 incurrere,
1936 968 2017 1028 ad
2098 968 2571 1030 restitucionem
2640 989 2857 1029 earum
2926 969 3107 1029 nobis
3182 974 3257 1029 et

789 1072 1049 1132 ecclesie
1091 1077 1306 1133 nostre
1347 1071 1696 1134 faciendam
1725 1093 1838 1133 vos
1878 1093 2209 1135 monemus
2250 1080 2315 1135 et
2356 1075 2684 1135 hortamur
2715 1074 2781 1134 in
2818 1076 3094 1136 Domino
3130 1095 3259 1153 per

787 1182 1131 1257 presentes,
1217 1178 1337 1248 Ita,
1377 1177 1432 1238 si
1471 1178 1697 1257 placet,
1739 1179 1949 1241 velitis
1990 1180 2055 1239 in
2094 1180 2421 1260 premissis
2462 1181 2541 1241 ad
2583 1186 2939 1242 nostrarum
2982 1201 3254 1261 precum

785 1284 1162 1346 instanciam
1205 1286 1466 1363 operari,
1511 1291 1582 1345 ut
1623 1286 1791 1347 facto
1840 1288 2232 1366 experiamur
2270 1308 2383 1349 vos
2438 1288 2619 1349 nobis
2673 1308 2814 1349 6666
2854 1288 3131 1348 vicinum
3178 1288 3255 1347 in

781 1390 1060 1450 Domino
1099 1391 1335 1469 pariter
1375 1396 1440 1451 et
1481 1391 1772 1451 amicum.
1878 1392 2044 1465 Quid
2086 1412 2275 1471 super
2309 1393 2635 1472 premissis
2668 1391 2873 1453 facere
2900 1393 3254 1463 volueritis,

779 1497 963 1558 nobis
1003 1518 1115 1576 per
1155 1498 1417 1557 latorem
1459 1498 1855 1576 presencium
1898 1499 2125 1559 vestris
2156 1499 2385 1559 litteris
2412 1499 2620 1559 velitis
2650 1498 3009 1560 rescribere.
3080 1498 3253 1560 Con-

781 1611 988 1665 servet
1037 1624 1150 1665 vos
1207 1605 1536 1665 Dominus.
1639 1606 1877 1663 Datum
1936 1606 2299 1683 Wyntonie,
2356 1606 2465 1665 xiii
2522 1605 2841 1665 Kalendas
2897 1604 3253 1674 Februarii,

779 1730 948 1771 anno
995 1710 1295 1789 predicto,

783 1904 932 1964 Jan.
996 1903 1349 1963 15.—Writ
1413 1910 1472 1963 to
1537 1904 1634 1963 the
1697 1903 1937 1981 Sherzff
1986 1905 2056 1983 os
2110 1904 2577 1984 Herefordshire
2638 1904 2939 1982 directim
3000 1904 3129 1965 him
3188 1914 3253 1966 to

1027 1984 1206 2044 allow
1264 1984 1362 2043 the
1417 1984 1670 2063 Bishop,
1737 1984 1857 2043 like
1928 1984 2025 2044 his
2073 1985 2471 2063 predecessor,
2516 1994 2575 2045 to
2629 1986 2887 2065 appoint
2942 2007 2983 2045 α
3039 1986 3265 2065 bailtff

1031 2072 1088 2125 to
1137 2073 1237 2125 act
1283 2086 1354 2125 as
1407 2064 1598 2143 before
1649 2065 1752 2123 till
1799 2064 1899 2124 the
1952 2072 2093 2125 next
2142 2065 2545 2136 Parliament,
2594 2066 2769 2126 when
2818 2067 2916 2127 the
2963 2068 3253 2145 question

1028 2147 1098 2225 os
1129 2145 1299 2223 riqht
1339 2145 1560 2206 should
1603 2145 1668 2205 be
1709 2146 1941 2205 settled.

944 2276 1081 2335 Pno
1129 2294 1406 2336 sanmvo
1455 2294 1762 2335 nfflsnno
1818 2294 1887 2335 ΙΝ
1945 2276 2284 2337 Commium
2341 2277 3021 2338 HsRsFonnm.—Rex
3062 2278 3249 2339 Vice-

783 2382 1000 2441 comiti
1051 2380 1421 2441 Herefordie
1470 2380 1756 2441 salutem.
1864 2382 2245 2442 Monstravit
2292 2382 2475 2443 nobis
2516 2382 2906 2443 Venerabilis
2946 2383 3247 2453 ThomaS,

784 2486 1268 2548 Herefordensis
1337 2486 1712 2566 Episcopus,
1782 2489 1968 2567 quod,
2044 2508 2189 2549 cum
2264 2507 2486 2549 omnes
2568 2489 3039 2567 predecessores
3122 2489 3249 2561 sui,

785 2594 1280 2655 Herefordenses
1329 2593 1648 2671 Episcopi,
1699 2613 1899 2673 usque
1947 2593 2028 2653 ad
2074 2600 2325 2671 tempus
2374 2594 2536 2655 bone
2584 2594 2883 2654 memorie
2931 2594 2971 2654 J
2972 2594 3249 2655 ohannis

780 2700 1064 2780 ejusdem
1123 2700 1241 2759 loci
1301 2699 1620 2777 Episcopi,
1680 2719 1883 2777 nuper
1944 2699 2243 2769 defuncti,
2304 2720 2377 2759 ac
2435 2699 2631 2760 eciam
2692 2700 2858 2759 idem
2916 2700 2956 2760 J
2959 2700 3248 2760 ohannes

781 2805 1183 2885 aliquamdiu,
1240 2804 1574 2865 habuerint
1628 2809 1694 2865 et
1747 2804 1977 2865 habere
2032 2804 2471 2866 consueverint
2526 2805 2824 2865 ballivum
2880 2825 3065 2865 suum
3120 2804 3248 2865 sibi

781 2913 1060 2992 juratum
1111 2911 1175 2970 in
1226 2910 1546 2973 Comitatu
1595 2911 1909 2990 predicto;
1966 2912 2074 2990 qui
2116 2910 2605 2972 vicecomitibus
2653 2911 2763 2991 qui
2804 2930 2915 2990 pro
2958 2915 3249 2990 tempore

783 3019 1017 3079 fuerint
1077 3018 1425 3096 presentari
1496 3023 1558 3077 et
1614 3037 1726 3096 per
1794 3016 1966 3095 ipsos
2028 3017 2295 3086 admitti,
2364 3037 2439 3076 ac
2509 3017 2783 3077 Domino
2844 3016 3000 3095 Regi
3067 3021 3243 3095 post-

783 3125 1040 3184 modum
1107 3123 1531 3202 juramentum
1595 3128 1876 3200 prestare
1944 3122 2357 3192 consueverit,
2420 3122 2501 3181 ad
2570 3122 2780 3182 debita
2840 3123 3011 3200 regia
3078 3121 3247 3182 infra

780 3231 1102 3290 libertates
1159 3229 1559 3308 episcopatus
1613 3228 1877 3307 predicti
1927 3229 2208 3299 levanda,
2251 3233 2316 3288 et
2366 3227 2487 3287 alia
2536 3228 2833 3287 mandata
2880 3228 3065 3306 regia,
3117 3247 3245 3307 que

781 3336 936 3396 dicti
981 3333 1398 3395 Vicecomites
1446 3333 1650 3394 eidem
1691 3333 1919 3393 ballivo
1962 3333 2078 3394 sub
2128 3333 2347 3413 sigillis
2388 3333 2521 3394 suis
2563 3338 2882 3394 retornare
2930 3333 3239 3405 solebant,

777 3441 1048 3501 fideliter
1103 3439 1466 3518 exequenda
1520 3439 1785 3509 ibidem;
1850 3439 1965 3499 tibi
2018 3440 2400 3518 precipimus
2456 3440 2622 3519 quod
2678 3440 3030 3518 predictum
3086 3440 3239 3519 Epi-

779 3567 1042 3626 scopum
1089 3551 1326 3605 statum
1374 3545 1886 3624 predecessorum
1934 3566 2191 3606 suorum
2239 3565 2365 3624 quo
2406 3547 2487 3605 ad
2534 3545 2899 3625 hujusmodi
2941 3545 3239 3605 ballivum

779 3672 966 3713 suum
1012 3651 1370 3711 habendum
1411 3652 1476 3711 in
1519 3651 1720 3712 forma
1759 3652 2041 3731 predicta
2081 3653 2159 3712 de
2200 3653 2407 3732 gracia
2448 3657 2665 3712 nostra
2713 3652 2969 3731 speciali
3012 3652 3239 3713 habere

781 3757 1111 3838 permittas
1162 3777 1360 3836 usque
1409 3757 1490 3817 ad
1537 3758 2021 3837 parliamentum
2076 3765 2363 3818 nostrum
2419 3758 2584 3837 quod
2640 3758 2761 3818 erit
2807 3757 2874 3817 in
2922 3758 3239 3836 quindena

779 3863 1025 3924 Pasche
1083 3862 1366 3940 proximo
1422 3861 1650 3934 futura,
1694 3869 1764 3922 ut
1812 3870 1877 3923 et
1926 3862 2089 3934 inde,
2133 3868 2197 3923 et
2246 3863 2325 3923 de
2366 3862 2814 3932 consimilibus,
2857 3863 2935 3922 de
2976 3863 3239 3924 consilio

779 3974 1000 4030 nostro
1051 3969 1184 4028 fieri
1235 3968 1537 4029 faciamus
1586 3969 1754 4048 quod
1801 3970 1880 4030 de
1927 3969 2064 4049 jure
2112 3969 2301 4029 fuerit
2350 3968 2723 4030 faciendum.
2822 3969 3011 4030 Teste
3070 3970 3239 4048 Rege

781 4075 949 4154 apud
993 4075 1423 4153 Wyntoniam,
1466 4095 1546 4134 xv
1587 4075 1686 4136 die
1727 4075 1768 4136 J
1771 4075 2031 4145 anuarii,
2074 4095 2240 4136 anno
2282 4075 2457 4154 regni
2498 4073 2596 4135 sui
2638 4080 2879 4153 quarto.

784 4270 930 4331 Jan.
959 4270 1316 4332 20.--Giles
1356 4270 1430 4330 de
1464 4271 1785 4348 Avenbury
1828 4271 1936 4330 has
1976 4270 2249 4331 retained
2287 4270 2385 4331 the
2431 4268 2900 4348 Treasurership
2938 4277 2997 4350 to
3038 4270 3239 4330 which

1034 4351 1313 4411 William
1371 4351 1421 4412 le
1477 4353 1646 4412 Rous
1695 4373 1821 4412 was
1878 4351 2134 4411 collated
2191 4352 2265 4429 by
2323 4351 2557 4429 Bishop
2616 4350 2780 4410 John
2834 4351 3008 4410 when
3065 4351 3233 4411 Giles

1026 4453 1151 4492 was
1213 4431 1491 4494 declared
1557 4433 1627 4492 in
1696 4433 1793 4493 the
1868 4433 2055 4493 Gon-rt
2116 4432 2186 4510 of
2236 4431 2333 4493 the
2406 4431 2785 4510 Archbishop
2862 4438 2921 4492 to
2998 4431 3067 4492 be
3142 4431 3237 4492 the

1025 4513 1290 4654 rilghtful
1327 4513 1546 4654 ηῗῑειιιιηηιξ
1625 4514 1768 4654 ιᾘιο
1811 4513 2047 4654 Βίεζιῖἐ)
2086 4513 2354 4653 τορῖἷίνεε
2400 4513 2559 4573 them
2598 4511 2739 4572 both
2782 4519 2841 4572 to
2882 4519 3039 4572 state
3082 4513 3240 4572 their

1027 4613 1058 4653 c
1125 4615 1241 4654 zms
1284 4615 1324 4653 a
1451 4613 1520 4653 m
1547 4615 1620 4654 en
1653 4615 1782 4654 tons
1827 4613 1896 4653 m
2076 4615 2177 4654 ma
2232 4614 2312 4654 er.

949 4725 1051 4782 ΒΕ
1096 4723 1440 4784 ΜΑαῙΒΤΒο
1487 4743 1575 4782 ns
1628 4723 2029 4782 Avsm-:BYRY
2076 4742 2159 4782 m·
2201 4723 2575 4783 Wmnsnuo
2624 4722 3234 4794 Rosea—Thomas

784 4837 923 4901 etc„
968 4831 1268 4909 magistro
1315 4830 1540 4910 Egidio
1590 4831 1669 4890 de
1717 4829 2106 4909 Avenebury,
2156 4835 2221 4890 et
2270 4829 2523 4890 domino
2571 4829 2887 4889 Willelmo
2936 4828 2994 4890 16
3044 4829 3232 4900 RouS,
