3619 5868
1202 505 1503 586 Episcopi
1556 507 2037 587 Heresordensis.
2772 516 2849 578 61

383 727 637 789 faciatis
665 729 834 809 quod
863 728 944 790 ad
968 728 1290 807 justiciam
1318 732 1592 809 pertinet
1625 732 1971 793 secundum
2008 735 2205 813 legem
2236 740 2299 796 et
2332 739 2851 801 consuetudinem

379 834 558 914 regni
599 835 816 897 nostri.
906 835 1353 897 Ma-ndavimus
1384 842 1600 897 tamen
1630 838 2119 899 Vicecomitibus
2162 840 2394 901 nostris
2436 844 2853 905 comitatuum

381 942 828 1021 predictorum,
853 942 1020 1023 quod
1051 942 1130 1003 ad
1161 949 1366 1003 certos
1398 943 1532 1003 dies
1563 951 1627 1004 et
1658 944 1813 1016 loca,
1846 964 2001 1024 quos
2032 946 2121 1005 eis
2151 947 2309 1007 scire
2346 946 2607 1021 facietis,
2641 953 2853 1011 venire

383 1047 620 1109 faciant
665 1066 878 1109 coram
921 1047 1097 1109 vobis
1140 1056 1236 1109 tot
1271 1054 1333 1110 et
1367 1050 1528 1110 tales
1557 1050 1783 1128 probos
1814 1057 1878 1111 et
1908 1051 2136 1129 legales
2165 1051 2453 1113 homines
2482 1054 2559 1115 de
2589 1056 2851 1118 comita-

381 1154 554 1217 tibus
593 1154 912 1233 predictis,
953 1174 1064 1234 per
1104 1174 1262 1235 quos
1303 1156 1390 1218 rei
1433 1157 1666 1217 veritas
1703 1156 1769 1216 in
1807 1158 2133 1236 premissis
2176 1160 2400 1221 melius
2448 1162 2593 1221 sciri
2619 1164 2852 1241 poterit

377 1268 444 1322 et
492 1260 740 1341 inquiri.
829 1260 906 1320 In
949 1262 1151 1339 cujus,
1199 1268 1322 1321 etc.
1411 1262 1779 1334 Londoniis,
1834 1262 1919 1341 xij
1973 1263 2073 1323 die
2113 1264 2420 1337 Januarii,
2467 1286 2635 1327 anno
2677 1268 2853 1347 regni

378 1366 583 1429 nostri
625 1372 813 1429 sexto.

383 1693 547 1754 Writ
603 1701 661 1754 to
717 1694 815 1754 the
873 1693 1111 1772 Sherzff
1144 1694 1214 1772 of
1271 1694 1762 1755 Worcestershirc
1817 1694 2119 1773 directinq
2178 1695 2307 1755 him
2364 1702 2421 1756 to
2472 1717 2749 1757 sammon
2804 1718 2847 1759 a

625 1775 786 1853 Jury
815 1776 924 1854 sor
967 1775 1062 1835 the
1107 1774 1392 1835 Justices.

535 1943 904 2007 Vicecomiti
935 1943 1272 2024 Wygornie
1315 1944 1608 2003 salutem.
1695 1942 1855 2004 Cum
1901 1943 2427 2023 assignaverimus
2469 1946 2729 2007 dilectos
2772 1952 2837 2007 et

368 2052 591 2114 fideles
639 2060 889 2112 nostros
939 2050 1282 2111 Radulfum
1323 2050 1401 2110 de
1444 2050 1786 2129 Hengham
1831 2056 1896 2111 et
1940 2050 2285 2111 Walterum
2337 2052 2415 2112 de
2463 2052 2720 2132 Helyun
2764 2054 2843 2114 ad

369 2160 693 2241 quandam
750 2157 1247 2239 inquisicionem,
1300 2162 1419 2217 etc.
1483 2158 1562 2238 (v.
1624 2158 1861 2237 supra),
1918 2157 2030 2217 tibi
2097 2157 2474 2237 precipimus
2535 2160 2702 2239 quod
2763 2160 2843 2220 ad

368 2272 578 2328 certos
633 2264 800 2325 diem
854 2271 919 2324 et
975 2264 1202 2335 locum,
1260 2282 1417 2343 quos
1485 2262 1748 2341 predicti
1820 2262 2129 2323 Badulfus
2200 2272 2263 2325 et
2335 2263 2650 2326 Walterus
2720 2264 2837 2326 tibi
2956 2261 2965 2268 ⁹

367 2371 529 2433 scire
579 2371 830 2442 facient,
877 2368 1089 2430 venire
1137 2367 1333 2430 facias
1374 2387 1586 2429 coram
1629 2368 1720 2428 eis
1766 2375 1862 2428 tot
1911 2374 1975 2429 et
2026 2370 2185 2430 tales
2224 2370 2452 2449 probos
2494 2379 2559 2432 et
2602 2372 2833 2450 legales

367 2477 658 2538 homines
702 2476 780 2535 de
834 2474 1066 2537 balliva
1121 2480 1251 2545 tua,
1298 2494 1408 2553 per
1464 2493 1622 2553 quos
1677 2474 1767 2534 rei
1823 2475 2056 2535 veritas
2110 2475 2175 2535 in
2231 2476 2553 2555 premissis
2608 2478 2835 2539 melius

369 2584 516 2645 sciri
543 2583 774 2663 poterit
803 2588 866 2643 et
895 2580 1142 2662 inquiri.
1229 2580 1316 2641 Et
1344 2580 1578 2641 habeas
1605 2580 1689 2641 ibi
1721 2581 1841 2641 hoc
1869 2581 2076 2643 breve.
2162 2582 2369 2657 Teste,
2402 2589 2519 2643 etc.

367 2903 517 2964 Jan.
561 2901 1143 2980 27.—Proceedinqs
1185 2907 1251 2962 at
1289 2901 1613 2962 Worcester
1654 2901 1724 2962 in
1768 2901 1865 2962 the
1911 2902 2073 2962 Suit.
2166 2902 2407 2964 Verdict
2435 2904 2505 2983 os
2540 2904 2639 2965 the
2668 2904 2831 2984 Jury

617 2984 689 3042 in
716 2984 948 3062 favour
988 2983 1058 3061 of
1095 2982 1192 3042 the
1234 2982 1487 3061 Bishop.

529 3153 771 3215 Placita
810 3172 1020 3213 coram
1064 3152 1231 3230 Rege
1275 3153 1441 3230 apud
1493 3151 1919 3231 Wygorniam‚
1975 3173 2012 3213 a
2062 3153 2163 3214 die
2210 3154 2420 3214 Sancti
2464 3155 2721 3217 Hillarii
2764 3157 2835 3218 in

363 3281 448 3322 xv
490 3260 662 3332 diesffi
691 3279 858 3320 anno
901 3258 1076 3338 regni
1119 3257 1308 3338 Regis
1350 3258 1750 3337 E[dwardi],
1797 3257 1909 3318 filii
1953 3258 2143 3338 Regis
2188 3259 2469 3332 Henrici‚
2516 3269 2717 3324 sext0.

529 3425 1370 3488 HanFoRnn.—Gilbertus
1418 3425 1496 3485 de
1547 3425 1748 3497 Clare,
1802 3425 2028 3486 Comes
2079 3426 2470 3488 Gloucestrie
2528 3435 2591 3488 et
2636 3429 2829 3491 Hert·

361 3535 580 3603 fordie,
669 3531 1091 3593 summonitus
1176 3530 1294 3590 fuit
1371 3530 1462 3590 'ad
1552 3527 2057 3608 'respondendum
2153 3531 2413 3604 Thome,
2514 3533 2829 3613 Episcopo

363 3639 837 3710 Herefordensi,
909 3637 986 3698 de
1053 3636 1288 3716 placito
1357 3655 1570 3717 quare,
1643 3642 1783 3707 etc,
1858 3649 1922 3696 et
1995 3636 2141 3697 inde
2204 3637 2491 3715 producit
2564 3644 2829 3712 sectam,

364 3755 506 3822 etc..
601 3745 688 3804 Et
751 3742 1074 3804 Gilbertus
1143 3761 1254 3820 per
1323 3747 1718 3801 attornatum
1783 3760 1969 3801 suum
2041 3742 2232 3813 venit,
2306 3749 2370 3802 et
2441 3742 2593 3802 dicit
2662 3744 2831 3822 quod

358 3851 624 3933 predicti
689 3849 998 3911 Radulfus
1055 3853 1117 3908 et
1171 3848 1417 3919 Petrus,
1469 3846 1788 3927 quondam
1846 3847 2143 3926 Episcopi
2203 3848 2700 3910 Herefordenses
2765 3857 2829 3912 et

358 3959 834 4040 predecessores
894 3954 1158 4034 predicti
1213 3953 1453 4014 Thome
1511 3953 1809 4032 Episcopi
1880 3953 1986 4032 qui
2057 3953 2243 4013 modo
2301 3955 2604 4033 queritur,
2666 3975 2824 4016 nun-

360 4085 553 4147 quam
595 4064 947 4124 habuerunt
990 4061 1251 4122 liberam
1302 4060 1599 4122 Chaciam
1648 4062 1711 4119 in
1757 4060 2055 4139 predictis
2105 4060 2455 4133 dominicis,
2510 4062 2711 4135 terris,
2763 4069 2827 4125 et

360 4172 570 4234 boscis
601 4170 798 4249 ipsius
841 4167 1142 4246 Episcopi
1184 4173 1247 4228 et
1290 4166 1616 4227 hominum
1661 4186 1917 4226 suorum
1959 4165 2401 4244 predictorum,
2445 4186 2565 4247 que
2608 4169 2821 4247 posuit

363 4279 431 4338 in
479 4278 618 4338 visu
681 4295 796 4336 suo
856 4281 1162 4354 tanquam
1224 4273 1607 4352 pertinentia
1663 4273 1739 4332 ad
1797 4273 2151 4332 Ecclesiam
2222 4291 2402 4333 suam
2456 4274 2824 4352 predictam,

359 4403 478 4444 nec
520 4382 718 4442 eciam
761 4379 1108 4459 predictam
1153 4378 1414 4439 liberam
1458 4378 1759 4439 Chaciam
1803 4378 1920 4438 sibi
1965 4378 2409 4457 appropriavit,
2443 4400 2558 4440 nec
2595 4381 2825 4443 foreste

359 4509 474 4552 sue
516 4486 803 4549 attraxit.
887 4485 1095 4545 Immo
1135 4485 1287 4544 dicit
1328 4484 1494 4563 quod
1539 4484 1845 4544 Ricardus
1889 4485 1966 4544 de
2010 4483 2209 4556 Clare,
2240 4491 2421 4563 pater
2461 4505 2633 4559 suus,
2665 4487 2820 4549 obiit

361 4593 617 4656 seisitus
654 4591 732 4652 de
776 4589 1011 4651 Chacia
1051 4589 1350 4668 predicta,
1384 4591 1787 4667 appropriata
1826 4598 1889 4649 et
1934 4594 2205 4649 attracta
2248 4589 2479 4652 foreste
2508 4593 2788 4670 predicte
2807 4612 2824 4666 ;

363 4702 532 4763 unde
599 4698 838 4779 precise
905 4697 1056 4757 dicit
1120 4697 1285 4777 quod
1347 4696 1609 4776 predicti
1673 4695 1983 4757 Radulfus
2056 4702 2119 4756 et
2190 4696 2436 4769 Petrus,
2508 4699 2825 4777 quondam

361 4805 664 4889 Episcopi
708 4804 1202 4867 Herefordenses
1245 4809 1308 4864 et
1349 4802 1819 4881 predecessores
1861 4801 2124 4879 predicti
2168 4799 2465 4882 Episcopi
2502 4804 2610 4883 qui
2653 4824 2822 4867 nunc

366 4921 484 4988 est,
514 4930 837 4994 nunquam
867 4910 1118 4971 fuerunt
1157 4909 1222 4969 in
1267 4907 1500 4969 seisina
1541 4908 1618 4967 de
1661 4906 1873 4986 aliqua
1912 4905 2109 4968 libera
2152 4907 2384 4968 Chacia
2424 4909 2491 4968 in
2524 4910 2821 4987 predictis
