3619 5868
135 1594 242 1636 1³01.
267 1597 335 1637 85.

1262 523 1564 602 Episcopi
1619 524 1692 583 H
1687 525 2101 604 erefordensis.
2797 531 2915 590 115

447 745 656 806 velitis
699 745 1036 808 devocione
1077 747 1352 828 quadam
1393 747 1590 820 filiali,
1621 751 1949 828 presertim
1994 751 2059 809 in
2102 750 2223 810 biis
2264 771 2387 831 que
2428 752 2585 812 nulli
2626 759 2910 814 nostrum

449 858 752 928 generant
821 853 1254 931 prejudicium,
1327 864 1424 914 eet
1494 855 1576 915 ad
1646 855 1766 916 Dei
1836 855 2085 916 laudem
2158 857 2475 934 pertinent
2546 858 2779 936 pariter
2850 866 2915 920 et

449 957 772 1019 honorem.
906 959 1319 1038 Quapropter,
1391 980 1532 1020 cum
1603 961 1668 1020 in
1728 962 2041 1023 decanatu
2106 962 2389 1023 Ecclesie
2440 969 2651 1025 nostre
2710 966 2912 1026 multa

448 1061 700 1135 fuerint,
759 1073 946 1144 prout
1002 1065 1228 1126 melius
1282 1067 1504 1138 noetis,
1549 1067 1631 1127 ad
1686 1087 1808 1147 que
1864 1068 1943 1128 de
1997 1067 2257 1128 consilio
2314 1069 2628 1129 seniorum
2686 1090 2914 1132 manus

449 1188 765 1248 apponere
803 1169 1081 1249 cogimur
1116 1171 1320 1242 inviti,
1362 1171 1626 1233 dilectos
1667 1171 1848 1232 nobis
1890 1174 1957 1232 in
2000 1173 2253 1234 Christo
2295 1174 2627 1252 magistros
2669 1175 2909 1236 Lucam

451 1274 529 1336 de
563 1275 726 1336 Bree
754 1282 819 1336 et
847 1276 887 1337 J
891 1277 1204 1338 ohannem
1236 1277 1314 1340 de
1341 1277 1722 1348 Bradeham,
1753 1278 2015 1340 clericos
2056 1287 2327 1351 nostros,
2371 1281 2546 1341 vobis
2588 1283 2909 1343 transmit-

445 1381 678 1455 timue;
750 1381 921 1441 omni
985 1401 1096 1443 vos
1160 1381 1498 1442 affeccione
1558 1403 1683 1463 qua
1751 1403 2089 1462 possumus
2159 1384 2545 1464 requirentes
2612 1387 2911 1466 quatinus

448 1486 608 1559 illos,
641 1488 774 1548 vice
802 1496 1022 1549 nostra
1052 1489 1374 1568 negocium
1407 1497 1472 1550 et
1501 1509 1727 1550 causas
1757 1489 1997 1569 negocii
2029 1489 2203 1553 vobis
2230 1493 2475 1569 plenius
2504 1499 2907 1571 exponentes,

451 1593 876 1654 favorabiliter
916 1593 1211 1655 exaudire
1249 1595 1456 1656 velitis
1476 1614 1491 1666 ;
1537 1596 1837 1674 magistro
1880 1597 2051 1657 Luce
2089 1598 2511 1659 concanonico
2544 1607 2773 1672 vestr0,
2810 1602 2910 1662 cui

446 1699 617 1760 vices
660 1707 914 1761 nostras
956 1699 1409 1761 committimus
1449 1700 1515 1760 in
1559 1702 1817 1780 negocio
1857 1721 1968 1780 per
2010 1703 2278 1762 eundem
2308 1703 2485 1765 vobis
2518 1706 2906 1784 exponend0,

449 1805 822 1867 assistentes
865 1806 1125 1867 consilio
1173 1812 1238 1867 et
1293 1805 1526 1866 auxilio
1581 1813 1645 1866 et
1701 1807 1933 1878 favore,
1976 1815 2048 1868 ut
2111 1808 2375 1868 invicem
2442 1830 2633 1870 onera
2687 1819 2912 1872 mutuo

445 1917 892 1988 support-antes
949 1931 1188 1972 errores
1250 1918 1314 1973 et
1375 1917 1636 1991 peccata
1691 1912 2093 1985 destruendO,
2153 1914 2352 1992 legem
2410 1915 2529 1975 Dei
2585 1917 2909 1978 valeamus

444 2015 800 2095 adimplere.
909 2017 1134 2078 Valeat
1198 2025 1378 2078 cetus
1440 2025 1647 2079 vester
1714 2019 2092 2079 reverendus
2161 2038 2407 2098 semper
2473 2019 2540 2080 in
2608 2021 2899 2084 Domino.

446 2123 689 2183 Datum
734 2123 902 2202 apud
945 2123 1264 2198 Foleham,
1311 2124 1417 2203 xiij
1461 2123 1784 2184 Kalendas
1824 2123 2211 2195 Decembris,
2251 2125 2669 2187 Pontificatus
2710 2129 2912 2200 nostri

439 2249 606 2290 anno
649 2230 943 2291 secundo,

442 2459 596 2519 Nov.
643 2459 1044 2519 19.-—Notice
1085 2459 1262 2538 qive‘n
1306 2467 1363 2519 to
1409 2459 1504 2520 the
1545 2461 1742 2537 clerqy
1785 2460 1913 2520 and
1956 2459 2111 2537 laity
2140 2461 2211 2539 of
2247 2459 2344 2520 the
2390 2461 2670 2539 Deanery
2704 2463 2775 2541 of
2810 2463 2909 2523 the

676 2539 1086 2619 jurisdictio‘n
1124 2542 1434 2600 entrustecl
1478 2548 1534 2600 to
1575 2541 1751 2601 Luke
1792 2541 1865 2600 de
1907 2542 2076 2600 Brea.

607 2697 744 2756 Pno
814 2696 1174 2756 DEOANATU
1247 2696 1788 2756 Hmnnronnnnsn
1812 2695 2171 2767 -Thomas,
2222 2705 2366 2768 etc„
2424 2696 2715 2757 omnibus
2771 2717 2903 2758 rec-

437 2783 699 2874 toribus,
753 2803 1021 2874 vicariis,
1081 2802 1445 2882 capellanis,
1506 2819 1568 2862 et
1632 2801 1772 2863 aliis
1837 2802 2104 2862 subditis
2165 2802 2228 2862 in
2293 2803 2604 2863 decanatu
2661 2804 2904 2882 prefate

445 2909 728 2972 Ecclesie
777 2910 1159 2981 constitutis,
1219 2909 1510 2981 salutem,
1571 2917 1692 2970 etc.
1795 2909 1953 2971 Cum
2015 2909 2220 2970 tocius
2277 2909 2564 2969 conditor
2620 2917 2905 2971 creature

443 3017 525 3077 ad
565 3017 685 3077 hoc
726 3016 1109 3096 propiciatus
1152 3015 1496 3076 humanam
1540 3016 1736 3075 voluit
1779 3034 2033 3075 carnem
2076 3032 2416 3085 assumere,
2449 3023 2513 3074 et
2552 3014 2905 3075 divinitatis

440 3142 552 3182 sue
592 3122 802 3200 gracia
841 3121 1220 3181 racionalem
1263 3128 1634 3192 creaturam,
1681 3120 1762 3179 ad
1805 3119 2278 3180 similitudinem
2329 3138 2509 3179 suam
2558 3120 2901 3192 conditam,

438 3228 690 3306 dirupto
731 3247 855 3307 quo
897 3226 1336 3304 captivabatur
1365 3226 1631 3297 vincu10,
1673 3226 1936 3304 pristine
1970 3225 2248 3286 libertati
2281 3225 2621 3285 restituens
2664 3246 2703 3285 a
2742 3226 2901 3305 peri-

435 3336 594 3395 culis
637 3334 920 3404 liberare,
967 3333 1304 3394 salubriter
1360 3341 1579 3411 agetur
1628 3333 1682 3393 si
1737 3332 2009 3411 pastoris
2064 3330 2434 3392 incumbens
2492 3332 2710 3393 officiis
2768 3313 2899 3393 ani·-

433 3459 680 3499 marum
751 3438 959 3499 obviet
1017 3439 1310 3518 periculis
1372 3446 1435 3499 et
1498 3439 1664 3499 circa
1727 3438 1997 3498 salutem
2061 3438 2421 3498 earumdem
2485 3438 2727 3501 laboret
2788 3457 2904 3517 pro

437 3545 675 3607 viribus
719 3556 782 3606 et-
817 3546 1127 3606 intendat.
1215 3546 1386 3605 Hinc
1416 3554 1510 3605 est
1542 3545 1711 3625 quod
1739 3564 1882 3605 cum
1922 3545 2239 3605 notorium
2278 3545 2359 3605 sit
2396 3552 2459 3605 et
2494 3545 2900 3605 manifestum

437 3652 642 3712 multa
684 3661 748 3712 et
790 3651 964 3711 varia
1007 3652 1358 3711 animarum
1401 3651 1678 3729 pericula
1719 3651 1885 3711 inter
1927 3650 2209 3711 subditos
2251 3649 2595 3711 decanatus
2636 3652 2903 3728 predicti

435 3757 772 3837 contigisse
814 3765 878 3818 et
922 3756 1152 3816 cotidie
1197 3756 1579 3835 contingere,
1624 3776 1749 3837 quo
1789 3757 2095 3826 dolemuS,
2141 3774 2217 3817 eo
2258 3756 2446 3836 quod,
2482 3756 2594 3817 lite
2632 3758 2901 3817 durante

436 3864 600 3923 inter
655 3863 1026 3942 magistrum
1081 3862 1377 3941 Egidium
1435 3862 1514 3922 de
1564 3863 1905 3943 Aunebury
1945 3868 2010 3923 et
2053 3862 2377 3922 dominum
2419 3862 2459 3923 J
2463 3863 2777 3924 ohannem
2820 3864 2901 3925 de

439 3971 620 4049 Aqua
677 3970 918 4029 Blanca
971 3988 1160 4048 super
1213 3968 1349 4046 jure
1405 3967 1604 4047 ipsius
1659 3968 2029 4040 decanatus,
2073 3968 2139 4027 in
2180 3968 2617 4047 delinquentes
2659 3988 2895 4030 correc-

435 4075 634 4135 cionis
692 4075 964 4135 officium
1025 4074 1283 4134 minime
1343 4083 1668 4134 exercetur
1688 4094 1704 4147 ;
1764 4074 2069 4144 volentes,
2116 4080 2189 4134 ut
2246 4090 2535 4134 tenemur
2584 4094 2661 4134 ex
2709 4074 2899 4135 officii

435 4182 632 4241 nostri
690 4180 922 4252 debito,
973 4180 1271 4259 predictis
1335 4180 1630 4259 periculis
1693 4179 1991 4241 adhibere
2050 4178 2395 4241 remedium
2461 4180 2759 4251 salutare,
2819 4181 2899 4242 de

435 4288 696 4347 consilio
750 4286 1156 4365 prudentium
1211 4306 1284 4346 ac
1342 4285 1843 4365 jurisperitorum
1902 4284 2309 4345 correccionis
2364 4283 2636 4343 officium
2693 4284 2893 4357 nobis,

435 4393 571 4453 sine
631 4392 975 4472 prejudicio
1047 4392 1409 4452 alterutrius
1477 4391 1866 4470 litigancium
1938 4390 2380 4469 predictorum,
2439 4391 2899 4470 assumpsimus

439 4499 893 4572 exercendum;
944 4498 1125 4577 cujus
1168 4498 1629 4568 execucionem,
1674 4497 1808 4558 vice
1850 4508 1913 4557 et
1958 4496 2335 4558 auctoritate
2382 4502 2617 4569 nostra,
2669 4497 2901 4560 dilecto

436 4605 619 4666 nobis
672 4604 738 4664 in
797 4605 1050 4666 Christo
1107 4604 1236 4664 filio
1278 4603 1576 4684 magistro
1619 4604 1674 4663 L
1694 4606 1855 4682 [uce]
1916 4603 1993 4663 de
2034 4602 2214 4675 Bree,
2258 4602 2573 4664 Canonico
2616 4603 2899 4665 Ecclesie

439 4711 817 4792 supradicte,
869 4711 1299 4771 commisimus
1346 4711 1757 4772 effectualiter
1803 4710 2254 4789 exequendam.
2366 4708 2673 4784 Quocirca
2720 4710 2899 4771 vobis

435 4819 813 4879 mandamus
895 4825 1111 4878 tenore
1189 4819 1602 4897 presencium,
1675 4817 1792 4879 sub
1875 4836 2039 4896 pena
2113 4816 2528 4878 districcionis
2594 4816 2897 4877 canonice

439 4924 702 4984 firmiter
751 4923 1173 5002 injungentes,
1219 4924 1517 5004 quatinus
1563 4924 1630 4982 in
1678 4923 1800 4984 hiis
1849 4941 1970 5003 que
2010 4921 2433 5009 ,correccionis
2487 4921 2728 5000 prefate
2782 4929 2897 4982 aut
