3619 5868
26 1476 123 1517 ³01.
153 1477 221 1515 47.

1166 444 1468 525 Episcopi
1521 445 2005 526 Hercfordmis.
2698 450 2818 511 303

355 666 426 718 de
462 668 821 719 Fendenerac.
978 668 1047 719 de
1082 668 1443 721 Mordefordc.
1584 670 1653 721 de
1686 671 2055 737 Billingelegc.
2190 673 2325 723 Item
2362 680 2595 723 rectora
2628 673 2698 723 de

2403 764 2589 828 Pyone
2623 765 2790 829 Regis

355 846 426 897 de
460 848 833 899 Laudinabon.
975 849 1044 900 de
1077 850 1233 899 Nova
1265 849 1449 901 Terra.
1584 851 1653 902 de
1687 852 1992 915 Classelcge
2025 860 2094 903 et.
2191 852 2260 903 de
2293 854 2643 917 Lugwarthin
2676 863 2730 905 et

1588 942 1869 1007 Cornlege.
2472 944 2799 995 Welintone.

1580 1029 1649 1080 de
1680 1030 1980 1095 Tasselege.

351 1292 515 1353 June
555 1296 654 1364 13,
697 1292 1340 1355 1278.—Ordination
1379 1301 1447 1354 at
1491 1294 1868 1355 Tottcnham.

512 1459 837 1522 Onnnwrl
907 1478 1078 1522 APUD
1159 1460 2010 1542 TomnAnn.—-Infrascripti
2088 1462 2360 1523 ordinati
2440 1462 2696 1524 fuerunt
2776 1483 2817 1525 a

346 1566 704 1629 Venerabili
759 1568 965 1639 Patre,
1015 1567 1273 1638 Thoma,
1317 1568 1437 1628 Dei
1492 1568 1699 1648 gracia
1754 1567 2203 1630 Herefordensi
2260 1568 2594 1649 Episcopo,
2645 1570 2814 1648 apud

348 1672 711 1744 Totenhale,
782 1674 847 1732 in
918 1673 1305 1753 Episcopatu
1382 1674 1828 1747 Londoniensi‚
1901 1695 2013 1754 per
2093 1675 2419 1736 licenciam
2497 1674 2814 1736 diocesani

348 1779 683 1840 litteralem
726 1779 826 1840 die
884 1778 1139 1840 Sabbati
1193 1778 1355 1841 infra
1410 1779 1683 1841 Octabas
1738 1780 2146 1842 pentecostes
2195 1801 2361 1842 anno
2411 1781 2667 1841 Domini
2718 1781 2817 1841 Μο

352 1885 782 1946 ducentesimo
825 1884 1007 1945 LXX
1050 1890 1291 1947 octavo·

514 2039 890 2100 Aconum—

346 2171 673 2233 Johannes
714 2172 792 2233 de
834 2173 1215 2253 Langetone,
1260 2172 1721 2234 Lincolniensis
1761 2172 2046 2243 diocesis,
2075 2192 2220 2233 cum
2261 2171 2633 2234 dimissoriis
2676 2173 2814 2236 sine

720 2327 725 2333 .
754 2278 958 2339 titulo·

346 2385 699 2446 Willelmus
741 2386 818 2446 de
859 2385 920 2446 la
962 2385 1165 2465 Haye,
1210 2384 1691 2447 Herefordensis
1734 2384 2018 2457 diocesis,
2063 2385 2200 2447 sine
2241 2384 2445 2447 titulo.

346 2490 663 2552 Henricus
704 2492 782 2551 de
824 2490 1171 2563 Newwent,
1214 2489 1697 2552 Herefordensis
1739 2490 2023 2551 diocesis.

510 2648 1014 2709 Susnucou1.—-

342 2779 633 2851 Thomas,
676 2779 844 2840 filius
900 2778 1184 2850 Gilberti,
1236 2778 1467 2839 Rector
1520 2778 1598 2838 de
1652 2777 1945 2847 Foxcote,
2006 2775 2466 2839 Lincolniensis
2523 2776 2811 2850 diocesis,

746 2905 859 2965 per
898 2885 1176 2946 litteram
1217 2884 1654 2946 dimissoriam.

343 2991 648 3071 Magister
701 2990 1007 3052 Ricardus
1062 2991 1141 3052 de
1196 2991 1505 3070 Yngham,
1547 2994 1950 3070 presentatus
2007 2989 2085 3049 ad
2127 2989 2385 3050 titulum
2427 2989 2688 3052 ecclesie
2729 2991 2810 3052 de

747 3096 1057 3176 Yngham,
1103 3095 1560 3157 Lincolniensis
1603 3095 1886 3165 diocesiS,
1929 3114 2042 3174 per
2080 3095 2325 3156 litteras
2367 3095 2772 3157 dimissorias.

342 3201 659 3263 Walterus
702 3201 929 3273 Oliver,
974 3201 1206 3262 Rector
1245 3201 1503 3262 ecclesie
1546 3201 1623 3261 de
1665 3200 1980 3280 Hegham,
2015 3200 2478 3263 Lincolniensis
2521 3202 2807 3278 diocesis,

746 3328 859 3388 per
897 3308 1177 3369 litteram
1218 3307 1656 3368 dimissoriam.

341 3415 653 3477 Robertus
708 3415 1023 3487 Falconis,
1068 3415 1300 3476 Rector
1365 3413 1626 3476 ecclesie
1694 3413 1902 3475 Castri
1957 3413 2272 3485 Richardi,
2325 3414 2810 3478 Herefordensis

747 3520 1031 3583 diocesis.

341 3627 381 3689 J
383 3628 664 3690 ohannes
734 3627 811 3689 de
886 3627 1069 3699 Cave,
1144 3627 1375 3688 Rector
1449 3626 1709 3687 ecclesie
1783 3626 1863 3686 de
1943 3625 2248 3698 Humbre,
2323 3626 2807 3691 Herefordensis

748 3733 1030 3795 diocesis.

343 3839 646 3920 Magister
686 3840 960 3901 Thomas
998 3839 1075 3901 de
1110 3839 1453 3920 Linggeyn,
1484 3839 1743 3900 ecclesie
1777 3839 1856 3900 de
1891 3838 2285 3910 Nenesolers,
2322 3837 2807 3902 Herefordensis

752 3945 1035 4006 diocesis.

341 4050 645 4131 Magister
691 4051 966 4112 Thomas
1022 4052 1100 4112 de
1170 4050 1577 4131 Bromptone,
1634 4049 2074 4111 Porcionarius
2130 4049 2391 4111 ecclesie
2449 4050 2526 4111 de
2582 4049 2802 4130 Diges-

746 4162 909 4236 yate,
994 4157 1329 4218 Wellensis
1404 4161 1469 4218 et
1542 4155 1948 4218 Batoniensis
2023 4155 2306 4227 diocesis,
2376 4173 2490 4234 per
2562 4155 2806 4218 litteras

746 4262 1151 4324 dimissorias.

506 4417 889 4477 Ducem.—

346 4549 561 4610 Simon
604 4547 827 4622 Franc,
868 4567 983 4627 per
1034 4547 1310 4609 litteram
1365 4547 1783 4609 dimissoriam
1842 4546 2300 4608 Lincolniensis
2343 4545 2625 4616 diocesis,
2669 4546 2808 4608 sine

748 4653 951 4725 titulo,
994 4653 1102 4733 qui
1160 4652 1436 4733 prestitit
1495 4652 1814 4732 corporale
1872 4657 2336 4713 sacramentum
2394 4651 2562 4731 quod
2623 4670 2806 4711 num-

750 4778 939 4839 quam
1014 4758 1400 4838 Episcopum
1498 4757 2026 4819 Herefordensem
2121 4757 2434 4837 impetret,
2531 4757 2806 4836 petendo

750 4864 1006 4925 titulum
1060 4863 1311 4925 racione
1366 4863 1820 4925 ordinacionis.
