<?xml version="1.0" encoding="UTF-8"?>
<!DOCTYPE html PUBLIC "-//W3C//DTD XHTML 1.0 Transitional//EN"
    "http://www.w3.org/TR/xhtml1/DTD/xhtml1-transitional.dtd">
<html xmlns="http://www.w3.org/1999/xhtml" xml:lang="en" lang="en">
 <head>
  <title>
</title>
<meta http-equiv="Content-Type" content="text/html;charset=utf-8" />
  <meta name='ocr-system' content='tesseract 3.04.00' />
  <meta name='ocr-capabilities' content='ocr_page ocr_carea ocr_par ocr_line ocrx_word'/>
</head>
<body>
  <div class='ocr_page' id='page_1' title='image "./canterburyandyo01socigoog_0180.png"; bbox 0 0 3619 5868; ppageno 0'>
   <div class='ocr_carea' id='block_1_1' title="bbox 515 4743 738 4792">
    <p class='ocr_par' dir='ltr' id='par_1_1' title="bbox 515 4743 738 4792">
     <span class='ocr_line' id='line_1_1' title="bbox 515 4743 738 4792; baseline 0.018 -4"><span class='ocrx_word' id='word_1_1' title='bbox 515 4745 615 4789; x_wconf 78' lang='lat' dir='ltr'><strong>Pol.</strong></span> <span class='ocrx_word' id='word_1_2' title='bbox 641 4743 738 4792; x_wconf 69' lang='lat' dir='ltr'><strong>asb.</strong></span> 
     </span>
    </p>
   </div>
   <div class='ocr_carea' id='block_1_2' title="bbox 839 536 2647 626">
    <p class='ocr_par' dir='ltr' id='par_1_2' title="bbox 839 536 2647 626">
     <span class='ocr_line' id='line_1_2' title="bbox 839 536 2647 626; baseline 0.004 -28"><span class='ocrx_word' id='word_1_3' title='bbox 839 536 921 599; x_wconf 82' lang='lat'><strong>88</strong></span> <span class='ocrx_word' id='word_1_4' title='bbox 1277 606 1282 609; x_wconf 60' lang='grc'><strong>,</strong></span> <span class='ocrx_word' id='word_1_5' title='bbox 1486 541 1843 620; x_wconf 76' lang='lat' dir='ltr'><strong>Reqistrum</strong></span> <span class='ocrx_word' id='word_1_6' title='bbox 1900 544 2120 606; x_wconf 80' lang='lat' dir='ltr'><strong>Thome</strong></span> <span class='ocrx_word' id='word_1_7' title='bbox 2171 544 2245 605; x_wconf 81' lang='lat' dir='ltr'><strong>de</strong></span> <span class='ocrx_word' id='word_1_8' title='bbox 2317 545 2647 626; x_wconf 79' lang='lat' dir='ltr'><strong>Cantilupo</strong></span> 
     </span>
    </p>
   </div>
   <div class='ocr_carea' id='block_1_3' title="bbox 831 762 3301 1463">
    <p class='ocr_par' dir='ltr' id='par_1_3' title="bbox 831 762 3301 1463">
     <span class='ocr_line' id='line_1_3' title="bbox 839 762 3297 847; baseline 0.004 -23"><span class='ocrx_word' id='word_1_9' title='bbox 839 762 1056 825; x_wconf 84' lang='lat' dir='ltr'><strong>Sancti</strong></span> <span class='ocrx_word' id='word_1_10' title='bbox 1100 765 1450 839; x_wconf 87' lang='lat' dir='ltr'><strong>Laurencii,</strong></span> <span class='ocrx_word' id='word_1_11' title='bbox 1494 767 1893 847; x_wconf 75' lang='lat' dir='ltr'><strong>presentibus</strong></span> <span class='ocrx_word' id='word_1_12' title='bbox 1934 770 2189 830; x_wconf 89' lang='lat' dir='ltr'><strong>domino</strong></span> <span class='ocrx_word' id='word_1_13' title='bbox 2231 771 2610 832; x_wconf 87' lang='lat' dir='ltr'><strong>Eadmundo</strong></span> <span class='ocrx_word' id='word_1_14' title='bbox 2666 772 2742 834; x_wconf 89' lang='lat' dir='ltr'><strong>de</strong></span> <span class='ocrx_word' id='word_1_15' title='bbox 2800 772 3055 835; x_wconf 81' lang='lat' dir='ltr'><strong>Mortuo</strong></span> <span class='ocrx_word' id='word_1_16' title='bbox 3105 774 3297 845; x_wconf 82' lang='lat' dir='ltr'><strong>Mari,</strong></span> 
     </span>
     <span class='ocr_line' id='line_1_4' title="bbox 837 866 3301 957; baseline 0.004 -29"><span class='ocrx_word' id='word_1_17' title='bbox 837 866 1092 929; x_wconf 88' lang='lat' dir='ltr'><strong>domino</strong></span> <span class='ocrx_word' id='word_1_18' title='bbox 1136 869 1452 932; x_wconf 89' lang='lat' dir='ltr'><strong>Willelmo</strong></span> <span class='ocrx_word' id='word_1_19' title='bbox 1509 872 1692 945; x_wconf 81' lang='lat' dir='ltr'><strong>Rufo,</strong></span> <span class='ocrx_word' id='word_1_20' title='bbox 1739 874 2057 953; x_wconf 79' lang='lat' dir='ltr'><strong>magistris</strong></span> <span class='ocrx_word' id='word_1_21' title='bbox 2102 875 2417 937; x_wconf 90' lang='lat' dir='ltr'><strong>Willelmo</strong></span> <span class='ocrx_word' id='word_1_22' title='bbox 2470 876 2549 937; x_wconf 91' lang='lat' dir='ltr'><strong>de</strong></span> <span class='ocrx_word' id='word_1_23' title='bbox 2604 878 2666 937; x_wconf 89' lang='lat' dir='ltr'><strong>la</strong></span> <span class='ocrx_word' id='word_1_24' title='bbox 2723 878 2928 957; x_wconf 83' lang='lat' dir='ltr'><strong>Haye,</strong></span> <span class='ocrx_word' id='word_1_25' title='bbox 2988 879 3161 940; x_wconf 84' lang='lat' dir='ltr'><strong>Luca</strong></span> <span class='ocrx_word' id='word_1_26' title='bbox 3218 878 3301 939; x_wconf 92' lang='lat' dir='ltr'><strong>de</strong></span> 
     </span>
     <span class='ocr_line' id='line_1_5' title="bbox 837 976 3299 1066; baseline 0.005 -30"><span class='ocrx_word' id='word_1_27' title='bbox 837 976 1022 1048; x_wconf 89' lang='lat' dir='ltr'><strong>Bree,</strong></span> <span class='ocrx_word' id='word_1_28' title='bbox 1067 978 1359 1059; x_wconf 88' lang='lat' dir='ltr'><strong>Philippo</strong></span> <span class='ocrx_word' id='word_1_29' title='bbox 1407 980 1484 1042; x_wconf 88' lang='lat' dir='ltr'><strong>de</strong></span> <span class='ocrx_word' id='word_1_30' title='bbox 1529 981 2023 1062; x_wconf 85' lang='lat' dir='ltr'><strong>Kynardesleye‚</strong></span> <span class='ocrx_word' id='word_1_31' title='bbox 2066 983 2105 1045; x_wconf 85' lang='lat' dir='ltr'><strong>J</strong></span> <span class='ocrx_word' id='word_1_32' title='bbox 2110 984 2360 1045; x_wconf 90' lang='lat' dir='ltr'><strong>ohanne</strong></span> <span class='ocrx_word' id='word_1_33' title='bbox 2407 985 2487 1046; x_wconf 87' lang='lat' dir='ltr'><strong>de</strong></span> <span class='ocrx_word' id='word_1_34' title='bbox 2532 985 2887 1066; x_wconf 87' lang='lat' dir='ltr'><strong>Wygemor,</strong></span> <span class='ocrx_word' id='word_1_35' title='bbox 2932 988 3174 1066; x_wconf 87' lang='lat' dir='ltr'><strong>Rogero</strong></span> <span class='ocrx_word' id='word_1_36' title='bbox 3216 988 3299 1049; x_wconf 90' lang='lat' dir='ltr'><strong>de</strong></span> 
     </span>
     <span class='ocr_line' id='line_1_6' title="bbox 843 1082 3299 1169; baseline 0.004 -24"><span class='ocrx_word' id='word_1_37' title='bbox 843 1082 1188 1159; x_wconf 86' lang='lat' dir='ltr'><strong>Sevenake,</strong></span> <span class='ocrx_word' id='word_1_38' title='bbox 1261 1086 1547 1149; x_wconf 86' lang='lat' dir='ltr'><strong>Gilberto</strong></span> <span class='ocrx_word' id='word_1_39' title='bbox 1629 1088 1708 1149; x_wconf 89' lang='lat' dir='ltr'><strong>de</strong></span> <span class='ocrx_word' id='word_1_40' title='bbox 1791 1089 2152 1169; x_wconf 83' lang='lat' dir='ltr'><strong>Heywode,.</strong></span> <span class='ocrx_word' id='word_1_41' title='bbox 2209 1091 2500 1152; x_wconf 87' lang='lat' dir='ltr'><strong>Johanne</strong></span> <span class='ocrx_word' id='word_1_42' title='bbox 2578 1093 2655 1153; x_wconf 88' lang='lat' dir='ltr'><strong>de</strong></span> <span class='ocrx_word' id='word_1_43' title='bbox 2738 1094 2931 1165; x_wconf 73' lang='lat' dir='ltr'><strong>Crost,</strong></span> <span class='ocrx_word' id='word_1_44' title='bbox 3002 1093 3299 1156; x_wconf 82' lang='lat' dir='ltr'><strong>Johanne</strong></span> 
     </span>
     <span class='ocr_line' id='line_1_7' title="bbox 838 1189 3299 1275; baseline 0.005 -26"><span class='ocrx_word' id='word_1_45' title='bbox 838 1189 917 1251; x_wconf 93' lang='lat' dir='ltr'><strong>de</strong></span> <span class='ocrx_word' id='word_1_46' title='bbox 975 1190 1175 1264; x_wconf 83' lang='lat' dir='ltr'><strong>Clare,</strong></span> <span class='ocrx_word' id='word_1_47' title='bbox 1233 1191 1273 1253; x_wconf 85' lang='lat' dir='ltr'><strong>J</strong></span> <span class='ocrx_word' id='word_1_48' title='bbox 1278 1191 1525 1255; x_wconf 87' lang='lat' dir='ltr'><strong>ohanne</strong></span> <span class='ocrx_word' id='word_1_49' title='bbox 1583 1194 1660 1256; x_wconf 88' lang='lat' dir='ltr'><strong>de</strong></span> <span class='ocrx_word' id='word_1_50' title='bbox 1720 1195 2193 1275; x_wconf 85' lang='lat' dir='ltr'><strong>Wymbeldone.</strong></span> <span class='ocrx_word' id='word_1_51' title='bbox 2281 1196 2593 1259; x_wconf 81' lang='lat' dir='ltr'>Dominus</span> <span class='ocrx_word' id='word_1_52' title='bbox 2648 1206 2861 1260; x_wconf 88' lang='lat' dir='ltr'><strong>autem</strong></span> <span class='ocrx_word' id='word_1_53' title='bbox 2919 1200 3097 1260; x_wconf 88' lang='lat' dir='ltr'><strong>Prior</strong></span> <span class='ocrx_word' id='word_1_54' title='bbox 3150 1221 3299 1261; x_wconf 87' lang='lat' dir='ltr'><strong>cum</strong></span> 
     </span>
     <span class='ocr_line' id='line_1_8' title="bbox 841 1296 3295 1386; baseline 0.004 -28"><span class='ocrx_word' id='word_1_55' title='bbox 841 1296 1172 1358; x_wconf 87' lang='lat' dir='ltr'><strong>Conventu</strong></span> <span class='ocrx_word' id='word_1_56' title='bbox 1232 1307 1558 1377; x_wconf 75' lang='lat' dir='ltr'><strong>presentes</strong></span> <span class='ocrx_word' id='word_1_57' title='bbox 1615 1300 1781 1361; x_wconf 89' lang='lat' dir='ltr'><strong>dicte</strong></span> <span class='ocrx_word' id='word_1_58' title='bbox 1845 1302 2209 1381; x_wconf 88' lang='lat' dir='ltr'><strong>prefixcioni</strong></span> <span class='ocrx_word' id='word_1_59' title='bbox 2272 1322 2484 1365; x_wconf 86' lang='lat' dir='ltr'><strong>coram</strong></span> <span class='ocrx_word' id='word_1_60' title='bbox 2553 1304 2734 1366; x_wconf 91' lang='lat' dir='ltr'><strong>nobis</strong></span> <span class='ocrx_word' id='word_1_61' title='bbox 2794 1324 3087 1386; x_wconf 84' lang='lat' dir='ltr'><strong>expresse</strong></span> <span class='ocrx_word' id='word_1_62' title='bbox 3149 1326 3295 1367; x_wconf 92' lang='lat' dir='ltr'><strong>con-</strong></span> 
     </span>
     <span class='ocr_line' id='line_1_9' title="bbox 831 1409 1184 1463; baseline -0.003 0"><span class='ocrx_word' id='word_1_63' title='bbox 831 1409 1184 1463; x_wconf 88' lang='lat' dir='ltr'><strong>senserunt.</strong></span> 
     </span>
    </p>
   </div>
   <div class='ocr_carea' id='block_1_4' title="bbox 831 1674 3293 1919">
    <p class='ocr_par' dir='ltr' id='par_1_4' title="bbox 831 1674 3293 1919">
     <span class='ocr_line' id='line_1_10' title="bbox 831 1674 3293 1759; baseline 0.003 -26"><span class='ocrx_word' id='word_1_64' title='bbox 831 1674 988 1753; x_wconf 69' lang='lat' dir='ltr'><strong>Auq.</strong></span> <span class='ocrx_word' id='word_1_65' title='bbox 1032 1676 1512 1737; x_wconf 74' lang='lat' dir='ltr'><strong>13.—Mamiate</strong></span> <span class='ocrx_word' id='word_1_66' title='bbox 1556 1683 1614 1736; x_wconf 89' lang='grc' dir='ltr'><strong>ιο</strong></span> <span class='ocrx_word' id='word_1_67' title='bbox 1659 1676 1754 1737; x_wconf 80' lang='lat' dir='ltr'><strong>the</strong></span> <span class='ocrx_word' id='word_1_68' title='bbox 1799 1678 2126 1738; x_wconf 71' lang='lat' dir='ltr'><strong>Succento‘r</strong></span> <span class='ocrx_word' id='word_1_69' title='bbox 2165 1679 2237 1758; x_wconf 87' lang='lat' dir='ltr'><strong>of</strong></span> <span class='ocrx_word' id='word_1_70' title='bbox 2278 1677 2375 1738; x_wconf 77' lang='lat' dir='ltr'><strong>the</strong></span> <span class='ocrx_word' id='word_1_71' title='bbox 2420 1678 2754 1740; x_wconf 80' lang='lat' dir='ltr'><strong>Gathedral</strong></span> <span class='ocrx_word' id='word_1_72' title='bbox 2794 1686 2853 1739; x_wconf 85' lang='grc' dir='ltr'><strong>ιο</strong></span> <span class='ocrx_word' id='word_1_73' title='bbox 2892 1678 3011 1740; x_wconf 81' lang='lat' dir='ltr'><strong>cite</strong></span> <span class='ocrx_word' id='word_1_74' title='bbox 3052 1679 3293 1759; x_wconf 78' lang='lat' dir='ltr'><strong>Hcrvcy</strong></span> 
     </span>
     <span class='ocr_line' id='line_1_11' title="bbox 1077 1756 3293 1841; baseline 0.002 -24"><span class='ocrx_word' id='word_1_75' title='bbox 1077 1756 1150 1817; x_wconf 83' lang='lat' dir='ltr'><strong>de</strong></span> <span class='ocrx_word' id='word_1_76' title='bbox 1191 1757 1480 1829; x_wconf 79' lang='lat' dir='ltr'><strong>Borham,</strong></span> <span class='ocrx_word' id='word_1_77' title='bbox 1523 1757 1704 1818; x_wconf 79' lang='lat' dir='ltr'><strong>Dean</strong></span> <span class='ocrx_word' id='word_1_78' title='bbox 1742 1758 1814 1837; x_wconf 91' lang='lat' dir='ltr'><strong>of</strong></span> <span class='ocrx_word' id='word_1_79' title='bbox 1850 1759 1940 1818; x_wconf 83' lang='lat' dir='ltr'><strong>St.</strong></span> <span class='ocrx_word' id='word_1_80' title='bbox 1984 1759 2217 1829; x_wconf 66' lang='lat' dir='ltr'><strong>Paul’s’,</strong></span> <span class='ocrx_word' id='word_1_81' title='bbox 2264 1767 2323 1819; x_wconf 84' lang='lat' dir='ltr'><strong>to</strong></span> <span class='ocrx_word' id='word_1_82' title='bbox 2371 1779 2601 1839; x_wconf 77' lang='lat' dir='ltr'><strong>appear</strong></span> <span class='ocrx_word' id='word_1_83' title='bbox 2656 1760 2849 1839; x_wconf 77' lang='lat' dir='ltr'><strong>before</strong></span> <span class='ocrx_word' id='word_1_84' title='bbox 2905 1760 3002 1821; x_wconf 72' lang='lat' dir='ltr'><strong>the</strong></span> <span class='ocrx_word' id='word_1_85' title='bbox 3058 1760 3293 1841; x_wconf 74' lang='lat' dir='ltr'><strong>Bishop</strong></span> 
     </span>
     <span class='ocr_line' id='line_1_12' title="bbox 1073 1839 2325 1919; baseline 0.002 -21"><span class='ocrx_word' id='word_1_86' title='bbox 1073 1844 1133 1898; x_wconf 94' lang='grc' dir='ltr'><strong>ιο</strong></span> <span class='ocrx_word' id='word_1_87' title='bbox 1173 1858 1408 1899; x_wconf 77' lang='lat' dir='ltr'><strong>answer</strong></span> <span class='ocrx_word' id='word_1_88' title='bbox 1434 1840 1544 1919; x_wconf 82' lang='lat' dir='ltr'><strong>sor</strong></span> <span class='ocrx_word' id='word_1_89' title='bbox 1572 1839 1884 1918; x_wconf 78' lang='lat' dir='ltr'><strong>plurality</strong></span> <span class='ocrx_word' id='word_1_90' title='bbox 1925 1840 1996 1919; x_wconf 88' lang='lat' dir='ltr'><strong>of</strong></span> <span class='ocrx_word' id='word_1_91' title='bbox 2028 1840 2325 1918; x_wconf 70' lang='lat' dir='ltr'><strong>berwfices.</strong></span> 
     </span>
    </p>
   </div>
   <div class='ocr_carea' id='block_1_5' title="bbox 825 1992 3289 3460">
    <p class='ocr_par' dir='ltr' id='par_1_5' title="bbox 825 1992 3289 3460">
     <span class='ocr_line' id='line_1_13' title="bbox 997 1992 3289 2072; baseline 0.002 -19"><span class='ocrx_word' id='word_1_92' title='bbox 997 1992 1263 2054; x_wconf 75' lang='lat' dir='ltr'><strong>omem</strong></span> <span class='ocrx_word' id='word_1_93' title='bbox 1345 1993 1681 2072; x_wconf 73' lang='lat' dir='ltr'><strong>H[1mvn1]</strong></span> <span class='ocrx_word' id='word_1_94' title='bbox 1761 2012 1847 2053; x_wconf 75' lang='lat' dir='ltr'><strong>nn</strong></span> <span class='ocrx_word' id='word_1_95' title='bbox 1930 1994 2619 2065; x_wconf 53' lang='lat' dir='ltr'><strong>Bonnam—&#39;rhomam</strong></span> <span class='ocrx_word' id='word_1_96' title='bbox 2690 2004 2833 2067; x_wconf 65' lang='lat' dir='ltr'><strong>etc„</strong></span> <span class='ocrx_word' id='word_1_97' title='bbox 2926 1998 3289 2059; x_wconf 76' lang='lat' dir='ltr'><strong>succentori</strong></span> 
     </span>
     <span class='ocr_line' id='line_1_14' title="bbox 835 2096 3289 2183; baseline 0.003 -26"><span class='ocrx_word' id='word_1_98' title='bbox 835 2096 1118 2175; x_wconf 82' lang='lat' dir='ltr'><strong>ejusdem</strong></span> <span class='ocrx_word' id='word_1_99' title='bbox 1189 2099 1492 2173; x_wconf 85' lang='lat' dir='ltr'><strong>Ecclesie‚</strong></span> <span class='ocrx_word' id='word_1_100' title='bbox 1567 2100 1860 2173; x_wconf 89' lang='lat' dir='ltr'><strong>salutem,</strong></span> <span class='ocrx_word' id='word_1_101' title='bbox 1926 2108 2047 2162; x_wconf 89' lang='lat' dir='ltr'><strong>etc.</strong></span> <span class='ocrx_word' id='word_1_102' title='bbox 2160 2101 2320 2163; x_wconf 87' lang='lat' dir='ltr'><strong>Cum</strong></span> <span class='ocrx_word' id='word_1_103' title='bbox 2383 2103 2710 2182; x_wconf 78' lang='lat' dir='ltr'><strong>negocium</strong></span> <span class='ocrx_word' id='word_1_104' title='bbox 2770 2123 2894 2183; x_wconf 93' lang='lat' dir='ltr'><strong>quo</strong></span> <span class='ocrx_word' id='word_1_105' title='bbox 2952 2124 3027 2165; x_wconf 86' lang='lat' dir='ltr'><strong>ex</strong></span> <span class='ocrx_word' id='word_1_106' title='bbox 3092 2104 3289 2165; x_wconf 89' lang='lat' dir='ltr'><strong>officio</strong></span> 
     </span>
     <span class='ocr_line' id='line_1_15' title="bbox 831 2205 3283 2286; baseline 0.003 -24"><span class='ocrx_word' id='word_1_107' title='bbox 831 2208 1049 2263; x_wconf 89' lang='lat' dir='ltr'><strong>nostro</strong></span> <span class='ocrx_word' id='word_1_108' title='bbox 1097 2211 1316 2265; x_wconf 85' lang='lat' dir='ltr'><strong>contra</strong></span> <span class='ocrx_word' id='word_1_109' title='bbox 1361 2205 1702 2266; x_wconf 87' lang='lat' dir='ltr'><strong>discretum</strong></span> <span class='ocrx_word' id='word_1_110' title='bbox 1751 2206 1977 2279; x_wconf 87' lang='lat' dir='ltr'><strong>virum,</strong></span> <span class='ocrx_word' id='word_1_111' title='bbox 2020 2207 2344 2267; x_wconf 88' lang='lat' dir='ltr'><strong>dominum</strong></span> <span class='ocrx_word' id='word_1_112' title='bbox 2402 2208 2467 2268; x_wconf 90' lang='grc' dir='ltr'>Η</span> <span class='ocrx_word' id='word_1_113' title='bbox 2488 2210 2786 2286; x_wconf 90' lang='lat' dir='ltr'><strong>[erveum]</strong></span> <span class='ocrx_word' id='word_1_114' title='bbox 2853 2209 2932 2270; x_wconf 89' lang='lat' dir='ltr'><strong>de</strong></span> <span class='ocrx_word' id='word_1_115' title='bbox 2984 2209 3283 2282; x_wconf 87' lang='lat' dir='ltr'><strong>Borham,</strong></span> 
     </span>
     <span class='ocr_line' id='line_1_16' title="bbox 839 2311 3286 2394; baseline 0.002 -23"><span class='ocrx_word' id='word_1_116' title='bbox 839 2311 1166 2372; x_wconf 85' lang='lat' dir='ltr'><strong>Decanum</strong></span> <span class='ocrx_word' id='word_1_117' title='bbox 1214 2312 1430 2373; x_wconf 86' lang='lat' dir='ltr'><strong>Sancti</strong></span> <span class='ocrx_word' id='word_1_118' title='bbox 1465 2314 1646 2374; x_wconf 86' lang='lat' dir='ltr'><strong>Pauli</strong></span> <span class='ocrx_word' id='word_1_119' title='bbox 1685 2313 2177 2386; x_wconf 90' lang='lat' dir='ltr'><strong>Londoniarum,</strong></span> <span class='ocrx_word' id='word_1_120' title='bbox 2216 2333 2402 2394; x_wconf 90' lang='lat' dir='ltr'><strong>super</strong></span> <span class='ocrx_word' id='word_1_121' title='bbox 2444 2314 2804 2393; x_wconf 75' lang='lat' dir='ltr'><strong>pluralitate</strong></span> <span class='ocrx_word' id='word_1_122' title='bbox 2846 2314 3286 2376; x_wconf 87' lang='lat' dir='ltr'><strong>beneficiorum</strong></span> 
     </span>
     <span class='ocr_line' id='line_1_17' title="bbox 833 2418 3285 2499; baseline 0.002 -22"><span class='ocrx_word' id='word_1_123' title='bbox 833 2424 897 2477; x_wconf 88' lang='lat' dir='ltr'><strong>et</strong></span> <span class='ocrx_word' id='word_1_124' title='bbox 957 2418 1337 2497; x_wconf 84' lang='lat' dir='ltr'><strong>dignitatum</strong></span> <span class='ocrx_word' id='word_1_125' title='bbox 1395 2420 1778 2499; x_wconf 85' lang='lat' dir='ltr'><strong>aliquamdiu</strong></span> <span class='ocrx_word' id='word_1_126' title='bbox 1836 2420 2129 2481; x_wconf 83' lang='lat' dir='ltr'><strong>duximus</strong></span> <span class='ocrx_word' id='word_1_127' title='bbox 2183 2421 2665 2499; x_wconf 87' lang='lat' dir='ltr'><strong>procedendum,</strong></span> <span class='ocrx_word' id='word_1_128' title='bbox 2716 2423 2903 2483; x_wconf 87' lang='lat' dir='ltr'><strong>certis</strong></span> <span class='ocrx_word' id='word_1_129' title='bbox 2950 2442 3028 2482; x_wconf 90' lang='lat' dir='ltr'><strong>ex</strong></span> <span class='ocrx_word' id='word_1_130' title='bbox 3084 2424 3285 2484; x_wconf 87' lang='lat' dir='ltr'><strong>causis</strong></span> 
     </span>
     <span class='ocr_line' id='line_1_18' title="bbox 829 2514 3283 2606; baseline 0.002 -23"><span class='ocrx_word' id='word_1_131' title='bbox 829 2524 1138 2586; x_wconf 84' lang='lat' dir='ltr'><strong>hactenus</strong></span> <span class='ocrx_word' id='word_1_132' title='bbox 1179 2526 1366 2587; x_wconf 76' lang='lat' dir='ltr'><strong>fuerit</strong></span> <span class='ocrx_word' id='word_1_133' title='bbox 1407 2528 1809 2605; x_wconf 85' lang='lat' dir='ltr'><strong>protelatum,</strong></span> <span class='ocrx_word' id='word_1_134' title='bbox 1856 2536 1920 2587; x_wconf 90' lang='lat' dir='ltr'><strong>et</strong></span> <span class='ocrx_word' id='word_1_135' title='bbox 1961 2527 2025 2586; x_wconf 91' lang='lat' dir='ltr'><strong>in</strong></span> <span class='ocrx_word' id='word_1_136' title='bbox 2066 2528 2262 2606; x_wconf 87' lang='lat' dir='ltr'><strong>ipsius</strong></span> <span class='ocrx_word' id='word_1_137' title='bbox 2302 2528 2453 2588; x_wconf 87' lang='lat' dir='ltr'><strong>dicti</strong></span> <span class='ocrx_word' id='word_1_138' title='bbox 2496 2528 2794 2606; x_wconf 88' lang='lat' dir='ltr'><strong>H[ervei]</strong></span> <span class='ocrx_word' id='word_1_139' title='bbox 2818 2514 2905 2589; x_wconf 42' lang='lat' dir='ltr'><strong>‘et</strong></span> <span class='ocrx_word' id='word_1_140' title='bbox 2944 2529 3283 2590; x_wconf 84' lang='lat' dir='ltr'><strong>multorum</strong></span> 
     </span>
     <span class='ocr_line' id='line_1_19' title="bbox 833 2632 3281 2712; baseline 0.001 -19"><span class='ocrx_word' id='word_1_141' title='bbox 833 2632 1100 2693; x_wconf 87' lang='lat' dir='ltr'><strong>aliorum</strong></span> <span class='ocrx_word' id='word_1_142' title='bbox 1147 2634 1514 2711; x_wconf 87' lang='lat' dir='ltr'><strong>periculum,</strong></span> <span class='ocrx_word' id='word_1_143' title='bbox 1560 2640 1630 2695; x_wconf 88' lang='lat' dir='ltr'><strong>ut</strong></span> <span class='ocrx_word' id='word_1_144' title='bbox 1659 2634 1976 2705; x_wconf 87' lang='lat' dir='ltr'><strong>timemus,</strong></span> <span class='ocrx_word' id='word_1_145' title='bbox 2021 2634 2187 2695; x_wconf 87' lang='lat' dir='ltr'><strong>idem</strong></span> <span class='ocrx_word' id='word_1_146' title='bbox 2226 2634 2551 2712; x_wconf 88' lang='lat' dir='ltr'><strong>negocium</strong></span> <span class='ocrx_word' id='word_1_147' title='bbox 2596 2634 2800 2695; x_wconf 87' lang='lat' dir='ltr'><strong>adhuc</strong></span> <span class='ocrx_word' id='word_1_148' title='bbox 2840 2647 3167 2696; x_wconf 87' lang='lat' dir='ltr'><strong>remaneat</strong></span> <span class='ocrx_word' id='word_1_149' title='bbox 3194 2637 3281 2696; x_wconf 88' lang='lat' dir='ltr'><strong>in·</strong></span> 
     </span>
     <span class='ocr_line' id='line_1_20' title="bbox 835 2738 3279 2820; baseline 0.001 -22"><span class='ocrx_word' id='word_1_150' title='bbox 835 2738 1152 2811; x_wconf 87' lang='lat' dir='ltr'><strong>decisum;</strong></span> <span class='ocrx_word' id='word_1_151' title='bbox 1237 2739 1520 2801; x_wconf 86' lang='lat' dir='ltr'><strong>volentes</strong></span> <span class='ocrx_word' id='word_1_152' title='bbox 1576 2739 1922 2800; x_wconf 88' lang='lat' dir='ltr'><strong>secundum</strong></span> <span class='ocrx_word' id='word_1_153' title='bbox 1979 2740 2184 2801; x_wconf 90' lang='lat' dir='ltr'><strong>Deum</strong></span> <span class='ocrx_word' id='word_1_154' title='bbox 2236 2748 2301 2800; x_wconf 90' lang='lat' dir='ltr'><strong>et</strong></span> <span class='ocrx_word' id='word_1_155' title='bbox 2347 2740 2659 2818; x_wconf 85' lang='lat' dir='ltr'><strong>justiciam</strong></span> <span class='ocrx_word' id='word_1_156' title='bbox 2724 2740 2789 2799; x_wconf 92' lang='lat' dir='ltr'><strong>in</strong></span> <span class='ocrx_word' id='word_1_157' title='bbox 2830 2741 3090 2819; x_wconf 88' lang='lat' dir='ltr'><strong>negocio</strong></span> <span class='ocrx_word' id='word_1_158' title='bbox 3149 2760 3279 2820; x_wconf 90' lang='lat' dir='ltr'><strong>pro·</strong></span> 
     </span>
     <span class='ocr_line' id='line_1_21' title="bbox 833 2848 3281 2931; baseline 0 -21"><span class='ocrx_word' id='word_1_159' title='bbox 833 2848 1054 2910; x_wconf 84' lang='lat' dir='ltr'><strong>cedere</strong></span> <span class='ocrx_word' id='word_1_160' title='bbox 1109 2856 1478 2921; x_wconf 82' lang='lat' dir='ltr'><strong>memoratO,</strong></span> <span class='ocrx_word' id='word_1_161' title='bbox 1535 2849 1711 2911; x_wconf 90' lang='lat' dir='ltr'><strong>vobis</strong></span> <span class='ocrx_word' id='word_1_162' title='bbox 1779 2850 2155 2910; x_wconf 84' lang='lat' dir='ltr'><strong>mandamus</strong></span> <span class='ocrx_word' id='word_1_163' title='bbox 2215 2849 2479 2910; x_wconf 88' lang='lat' dir='ltr'><strong>firmiter</strong></span> <span class='ocrx_word' id='word_1_164' title='bbox 2530 2850 2929 2929; x_wconf 82' lang='lat' dir='ltr'><strong>injungentes</strong></span> <span class='ocrx_word' id='word_1_165' title='bbox 2988 2850 3281 2931; x_wconf 85' lang='lat' dir='ltr'><strong>quatinus</strong></span> 
     </span>
     <span class='ocr_line' id='line_1_22' title="bbox 829 2957 3277 3038; baseline 0.002 -22"><span class='ocrx_word' id='word_1_166' title='bbox 829 2957 1183 3036; x_wconf 88' lang='lat' dir='ltr'><strong>predictum</strong></span> <span class='ocrx_word' id='word_1_167' title='bbox 1241 2958 1304 3017; x_wconf 89' lang='lat' dir='ltr'>H</span> <span class='ocrx_word' id='word_1_168' title='bbox 1330 2962 1627 3037; x_wconf 84' lang='lat' dir='ltr'><strong>[erveum]</strong></span> <span class='ocrx_word' id='word_1_169' title='bbox 1689 2959 1899 3019; x_wconf 88' lang='lat' dir='ltr'><strong>citetis</strong></span> <span class='ocrx_word' id='word_1_170' title='bbox 1953 2959 2370 3038; x_wconf 87' lang='lat' dir='ltr'><strong>peremptorie</strong></span> <span class='ocrx_word' id='word_1_171' title='bbox 2430 2959 2599 3038; x_wconf 91' lang='lat' dir='ltr'><strong>quod</strong></span> <span class='ocrx_word' id='word_1_172' title='bbox 2654 2965 3015 3037; x_wconf 87' lang='lat' dir='ltr'><strong>compareat</strong></span> <span class='ocrx_word' id='word_1_173' title='bbox 3072 2979 3277 3020; x_wconf 85' lang='lat' dir='ltr'><strong>coram</strong></span> 
     </span>
     <span class='ocr_line' id='line_1_23' title="bbox 839 3063 3273 3145; baseline 0 -22"><span class='ocrx_word' id='word_1_174' title='bbox 839 3063 1040 3134; x_wconf 87' lang='lat' dir='ltr'><strong>nobis,</strong></span> <span class='ocrx_word' id='word_1_175' title='bbox 1085 3064 1186 3124; x_wconf 86' lang='lat' dir='ltr'><strong>vel</strong></span> <span class='ocrx_word' id='word_1_176' title='bbox 1231 3065 1681 3126; x_wconf 87' lang='lat' dir='ltr'><strong>commissariis</strong></span> <span class='ocrx_word' id='word_1_177' title='bbox 1710 3065 1963 3136; x_wconf 82' lang='lat' dir='ltr'><strong>nostrie,</strong></span> <span class='ocrx_word' id='word_1_178' title='bbox 2008 3065 2073 3124; x_wconf 88' lang='lat' dir='ltr'><strong>in</strong></span> <span class='ocrx_word' id='word_1_179' title='bbox 2130 3065 2393 3125; x_wconf 83' lang='lat' dir='ltr'><strong>ecclesia</strong></span> <span class='ocrx_word' id='word_1_180' title='bbox 2438 3064 2779 3144; x_wconf 87' lang='lat' dir='ltr'><strong>parochiali</strong></span> <span class='ocrx_word' id='word_1_181' title='bbox 2822 3064 2902 3125; x_wconf 91' lang='lat' dir='ltr'><strong>de</strong></span> <span class='ocrx_word' id='word_1_182' title='bbox 2942 3064 3273 3145; x_wconf 85' lang='lat' dir='ltr'><strong>Dymmok,</strong></span> 
     </span>
     <span class='ocr_line' id='line_1_24' title="bbox 827 3169 3276 3251; baseline 0 -21"><span class='ocrx_word' id='word_1_183' title='bbox 827 3170 930 3230; x_wconf 88' lang='lat' dir='ltr'><strong>die</strong></span> <span class='ocrx_word' id='word_1_184' title='bbox 999 3169 1261 3231; x_wconf 86' lang='lat' dir='ltr'><strong>Sabbati</strong></span> <span class='ocrx_word' id='word_1_185' title='bbox 1319 3175 1606 3250; x_wconf 86' lang='lat' dir='ltr'><strong>proximo</strong></span> <span class='ocrx_word' id='word_1_186' title='bbox 1663 3177 1808 3251; x_wconf 88' lang='lat' dir='ltr'><strong>post</strong></span> <span class='ocrx_word' id='word_1_187' title='bbox 1850 3171 2106 3231; x_wconf 86' lang='lat' dir='ltr'><strong>Festum</strong></span> <span class='ocrx_word' id='word_1_188' title='bbox 2154 3170 2587 3230; x_wconf 81' lang='lat' dir='ltr'><strong>Exaltacionis</strong></span> <span class='ocrx_word' id='word_1_189' title='bbox 2646 3170 2875 3232; x_wconf 89' lang='lat' dir='ltr'><strong>Sancte</strong></span> <span class='ocrx_word' id='word_1_190' title='bbox 2922 3170 3162 3241; x_wconf 88' lang='lat' dir='ltr'><strong>Crucis,</strong></span> <span class='ocrx_word' id='word_1_191' title='bbox 3214 3172 3276 3230; x_wconf 92' lang='lat' dir='ltr'><strong>in</strong></span> 
     </span>
     <span class='ocr_line' id='line_1_25' title="bbox 825 3271 3275 3354; baseline 0 -21"><span class='ocrx_word' id='word_1_192' title='bbox 825 3271 998 3335; x_wconf 87' lang='lat' dir='ltr'><strong>dicto</strong></span> <span class='ocrx_word' id='word_1_193' title='bbox 1040 3276 1298 3354; x_wconf 91' lang='lat' dir='ltr'><strong>negocio</strong></span> <span class='ocrx_word' id='word_1_194' title='bbox 1341 3275 1686 3335; x_wconf 87' lang='lat' dir='ltr'><strong>secundum</strong></span> <span class='ocrx_word' id='word_1_195' title='bbox 1729 3281 2041 3336; x_wconf 84' lang='lat' dir='ltr'><strong>retroacta</strong></span> <span class='ocrx_word' id='word_1_196' title='bbox 2080 3294 2503 3354; x_wconf 86' lang='lat' dir='ltr'><strong>processurus,</strong></span> <span class='ocrx_word' id='word_1_197' title='bbox 2548 3281 2669 3335; x_wconf 88' lang='lat' dir='ltr'><strong>etc.</strong></span> <span class='ocrx_word' id='word_1_198' title='bbox 2770 3275 2858 3334; x_wconf 89' lang='lat' dir='ltr'><strong>Et·</strong></span> <span class='ocrx_word' id='word_1_199' title='bbox 2900 3274 3049 3354; x_wconf 87' lang='lat' dir='ltr'><strong>quid</strong></span> <span class='ocrx_word' id='word_1_200' title='bbox 3098 3295 3275 3354; x_wconf 87' lang='lat' dir='ltr'><strong>super</strong></span> 
     </span>
     <span class='ocr_line' id='line_1_26' title="bbox 826 3379 3271 3460; baseline 0.001 -21"><span class='ocrx_word' id='word_1_201' title='bbox 826 3379 1017 3458; x_wconf 86' lang='lat' dir='ltr'><strong>hujus</strong></span> <span class='ocrx_word' id='word_1_202' title='bbox 1087 3379 1369 3442; x_wconf 87' lang='lat' dir='ltr'><strong>mandati</strong></span> <span class='ocrx_word' id='word_1_203' title='bbox 1455 3381 1652 3442; x_wconf 88' lang='lat' dir='ltr'><strong>nostri</strong></span> <span class='ocrx_word' id='word_1_204' title='bbox 1735 3381 2109 3441; x_wconf 85' lang='lat' dir='ltr'><strong>execucione</strong></span> <span class='ocrx_word' id='word_1_205' title='bbox 2192 3381 2483 3452; x_wconf 72' lang='lat' dir='ltr'><strong>feceritiS,</strong></span> <span class='ocrx_word' id='word_1_206' title='bbox 2556 3388 2677 3442; x_wconf 91' lang='lat' dir='ltr'><strong>etc.</strong></span> <span class='ocrx_word' id='word_1_207' title='bbox 2790 3382 3029 3441; x_wconf 87' lang='lat' dir='ltr'><strong>Datum</strong></span> <span class='ocrx_word' id='word_1_208' title='bbox 3113 3381 3271 3460; x_wconf 85' lang='lat' dir='ltr'><strong>apud</strong></span> 
     </span>
    </p>
   </div>
   <div class='ocr_carea' id='block_1_6' title="bbox 824 3484 1901 3565">
    <p class='ocr_par' dir='ltr' id='par_1_6' title="bbox 824 3484 1901 3565">
     <span class='ocr_line' id='line_1_27' title="bbox 824 3484 1901 3565; baseline 0.001 -20"><span class='ocrx_word' id='word_1_209' title='bbox 824 3484 1280 3564; x_wconf 85' lang='lat' dir='ltr'><strong>Wytheburne,</strong></span> <span class='ocrx_word' id='word_1_210' title='bbox 1340 3486 1561 3548; x_wconf 84' lang='lat' dir='ltr'><strong>Idibus</strong></span> <span class='ocrx_word' id='word_1_211' title='bbox 1617 3487 1901 3565; x_wconf 88' lang='lat' dir='ltr'><strong>Augusti.</strong></span> 
     </span>
    </p>
   </div>
   <div class='ocr_carea' id='block_1_7' title="bbox 818 3754 3267 3918">
    <p class='ocr_par' dir='ltr' id='par_1_7' title="bbox 818 3754 3267 3918">
     <span class='ocr_line' id='line_1_28' title="bbox 818 3754 3267 3836; baseline -0.001 -18"><span class='ocrx_word' id='word_1_212' title='bbox 818 3758 976 3836; x_wconf 72' lang='lat' dir='ltr'><strong>Any.</strong></span> <span class='ocrx_word' id='word_1_213' title='bbox 1019 3755 1500 3818; x_wconf 79' lang='lat' dir='ltr'><strong>13.-Mandate</strong></span> <span class='ocrx_word' id='word_1_214' title='bbox 1556 3762 1613 3816; x_wconf 89' lang='grc' dir='ltr'><strong>ιο</strong></span> <span class='ocrx_word' id='word_1_215' title='bbox 1673 3754 1769 3816; x_wconf 84' lang='lat' dir='ltr'><strong>the</strong></span> <span class='ocrx_word' id='word_1_216' title='bbox 1822 3755 2008 3815; x_wconf 80' lang='lat' dir='ltr'><strong>Prior</strong></span> <span class='ocrx_word' id='word_1_217' title='bbox 2049 3755 2175 3815; x_wconf 78' lang='lat' dir='ltr'><strong>and</strong></span> <span class='ocrx_word' id='word_1_218' title='bbox 2221 3755 2485 3816; x_wconf 80' lang='lat' dir='ltr'><strong>Convent</strong></span> <span class='ocrx_word' id='word_1_219' title='bbox 2526 3755 2597 3834; x_wconf 87' lang='lat' dir='ltr'><strong>of</strong></span> <span class='ocrx_word' id='word_1_220' title='bbox 2628 3754 3009 3816; x_wconf 73' lang='lat' dir='ltr'><strong>Leominster</strong></span> <span class='ocrx_word' id='word_1_221' title='bbox 3052 3763 3109 3816; x_wconf 91' lang='grc' dir='ltr'><strong>ιο</strong></span> <span class='ocrx_word' id='word_1_222' title='bbox 3146 3755 3267 3834; x_wconf 76' lang='lat' dir='ltr'><strong>yivc</strong></span> 
     </span>
     <span class='ocr_line' id='line_1_29' title="bbox 1052 3835 3149 3918; baseline -0.001 -19"><span class='ocrx_word' id='word_1_223' title='bbox 1052 3839 1187 3918; x_wconf 80' lang='lat' dir='ltr'><strong>free</strong></span> <span class='ocrx_word' id='word_1_224' title='bbox 1228 3857 1424 3899; x_wconf 79' lang='lat' dir='ltr'><strong>access</strong></span> <span class='ocrx_word' id='word_1_225' title='bbox 1470 3845 1527 3897; x_wconf 91' lang='grc' dir='ltr'><strong>ιο</strong></span> <span class='ocrx_word' id='word_1_226' title='bbox 1573 3837 1669 3897; x_wconf 84' lang='lat' dir='ltr'><strong>the</strong></span> <span class='ocrx_word' id='word_1_227' title='bbox 1716 3836 1979 3908; x_wconf 82' lang='lat' dir='ltr'><strong>Church,</strong></span> <span class='ocrx_word' id='word_1_228' title='bbox 2023 3856 2092 3896; x_wconf 82' lang='lat' dir='ltr'><strong>as</strong></span> <span class='ocrx_word' id='word_1_229' title='bbox 2138 3836 2247 3896; x_wconf 83' lang='lat' dir='ltr'><strong>has</strong></span> <span class='ocrx_word' id='word_1_230' title='bbox 2291 3836 2431 3895; x_wconf 77' lang='lat' dir='ltr'><strong>been</strong></span> <span class='ocrx_word' id='word_1_231' title='bbox 2472 3836 2811 3915; x_wconf 78' lang='lat' dir='ltr'><strong>repeatedly</strong></span> <span class='ocrx_word' id='word_1_232' title='bbox 2852 3835 3149 3915; x_wconf 76' lang='lat' dir='ltr'><strong>enjoimd.</strong></span> 
     </span>
    </p>
   </div>
   <div class='ocr_carea' id='block_1_8' title="bbox 817 3992 3272 5012">
    <p class='ocr_par' dir='ltr' id='par_1_8' title="bbox 817 3992 3272 5012">
     <span class='ocr_line' id='line_1_30' title="bbox 984 3992 3267 4065; baseline -0.001 -9"><span class='ocrx_word' id='word_1_233' title='bbox 984 3994 1817 4065; x_wconf 71' lang='lat' dir='ltr'><strong>Lnon1nsm.-—Thomas‚</strong></span> <span class='ocrx_word' id='word_1_234' title='bbox 1862 4004 2006 4065; x_wconf 66' lang='lat' dir='ltr'><strong>etc„</strong></span> <span class='ocrx_word' id='word_1_235' title='bbox 2053 3994 2326 4054; x_wconf 89' lang='lat' dir='ltr'><strong>Domino</strong></span> <span class='ocrx_word' id='word_1_236' title='bbox 2368 3993 2569 4054; x_wconf 92' lang='lat' dir='ltr'><strong>Priori</strong></span> <span class='ocrx_word' id='word_1_237' title='bbox 2608 3997 2675 4054; x_wconf 89' lang='lat' dir='ltr'><strong>et</strong></span> <span class='ocrx_word' id='word_1_238' title='bbox 2716 3992 3070 4055; x_wconf 84' lang='lat' dir='ltr'><strong>Conventui</strong></span> <span class='ocrx_word' id='word_1_239' title='bbox 3122 3994 3267 4054; x_wconf 87' lang='lat' dir='ltr'><strong>Leo·</strong></span> 
     </span>
     <span class='ocr_line' id='line_1_31' title="bbox 831 4099 3269 4172; baseline -0.001 -10"><span class='ocrx_word' id='word_1_240' title='bbox 831 4101 1120 4162; x_wconf 90' lang='lat' dir='ltr'><strong>minstrie</strong></span> <span class='ocrx_word' id='word_1_241' title='bbox 1186 4101 1478 4172; x_wconf 85' lang='lat' dir='ltr'><strong>salutem,</strong></span> <span class='ocrx_word' id='word_1_242' title='bbox 1523 4106 1642 4160; x_wconf 87' lang='lat' dir='ltr'><strong>etc.</strong></span> <span class='ocrx_word' id='word_1_243' title='bbox 1750 4101 1930 4160; x_wconf 86' lang='lat' dir='ltr'><strong>Licet</strong></span> <span class='ocrx_word' id='word_1_244' title='bbox 1985 4099 2163 4161; x_wconf 89' lang='lat' dir='ltr'><strong>vobis</strong></span> <span class='ocrx_word' id='word_1_245' title='bbox 2218 4099 2375 4160; x_wconf 85' lang='lat' dir='ltr'><strong>alias</strong></span> <span class='ocrx_word' id='word_1_246' title='bbox 2430 4099 2785 4160; x_wconf 89' lang='lat' dir='ltr'><strong>dederimus</strong></span> <span class='ocrx_word' id='word_1_247' title='bbox 2838 4099 2901 4158; x_wconf 90' lang='lat' dir='ltr'><strong>in</strong></span> <span class='ocrx_word' id='word_1_248' title='bbox 2959 4099 3269 4160; x_wconf 82' lang='lat' dir='ltr'><strong>mandatis</strong></span> 
     </span>
     <span class='ocr_line' id='line_1_32' title="bbox 823 4205 3269 4289; baseline -0.002 -20"><span class='ocrx_word' id='word_1_249' title='bbox 823 4209 992 4289; x_wconf 89' lang='lat' dir='ltr'><strong>quod</strong></span> <span class='ocrx_word' id='word_1_250' title='bbox 1033 4207 1374 4288; x_wconf 84' lang='lat' dir='ltr'><strong>quamdam</strong></span> <span class='ocrx_word' id='word_1_251' title='bbox 1417 4214 1664 4287; x_wconf 87' lang='lat' dir='ltr'><strong>portam</strong></span> <span class='ocrx_word' id='word_1_252' title='bbox 1708 4227 1925 4268; x_wconf 86' lang='lat' dir='ltr'><strong>versus</strong></span> <span class='ocrx_word' id='word_1_253' title='bbox 1966 4207 2295 4268; x_wconf 86' lang='lat' dir='ltr'><strong>ecclesiam</strong></span> <span class='ocrx_word' id='word_1_254' title='bbox 2352 4205 2775 4285; x_wconf 85' lang='lat' dir='ltr'><strong>parochialem</strong></span> <span class='ocrx_word' id='word_1_255' title='bbox 2814 4205 2973 4266; x_wconf 87' lang='lat' dir='ltr'><strong>citra</strong></span> <span class='ocrx_word' id='word_1_256' title='bbox 3014 4205 3269 4266; x_wconf 86' lang='lat' dir='ltr'><strong>Festum</strong></span> 
     </span>
     <span class='ocr_line' id='line_1_33' title="bbox 823 4310 3271 4392; baseline -0.002 -16"><span class='ocrx_word' id='word_1_257' title='bbox 823 4314 1056 4376; x_wconf 84' lang='lat' dir='ltr'><strong>Sancte</strong></span> <span class='ocrx_word' id='word_1_258' title='bbox 1115 4312 1444 4374; x_wconf 78' lang='lat' dir='ltr'><strong>Trinitatis</strong></span> <span class='ocrx_word' id='word_1_259' title='bbox 1504 4313 1786 4392; x_wconf 84' lang='lat' dir='ltr'><strong>proximo</strong></span> <span class='ocrx_word' id='word_1_260' title='bbox 1846 4312 2215 4391; x_wconf 88' lang='lat' dir='ltr'><strong>preteritum</strong></span> <span class='ocrx_word' id='word_1_261' title='bbox 2258 4331 2547 4372; x_wconf 86' lang='lat' dir='ltr'><strong>amovere</strong></span> <span class='ocrx_word' id='word_1_262' title='bbox 2602 4310 2910 4382; x_wconf 75' lang='lat' dir='ltr'><strong>faceretis,</strong></span> <span class='ocrx_word' id='word_1_263' title='bbox 2970 4330 3048 4371; x_wconf 88' lang='lat' dir='ltr'><strong>ex</strong></span> <span class='ocrx_word' id='word_1_264' title='bbox 3095 4310 3271 4388; x_wconf 83' lang='lat' dir='ltr'><strong>cujus</strong></span> 
     </span>
     <span class='ocr_line' id='line_1_34' title="bbox 824 4416 3271 4499; baseline -0.002 -19"><span class='ocrx_word' id='word_1_265' title='bbox 824 4426 1005 4499; x_wconf 87' lang='lat' dir='ltr'><strong>porte</strong></span> <span class='ocrx_word' id='word_1_266' title='bbox 1046 4419 1340 4480; x_wconf 88' lang='lat' dir='ltr'><strong>clausura</strong></span> <span class='ocrx_word' id='word_1_267' title='bbox 1395 4419 1596 4479; x_wconf 89' lang='lat' dir='ltr'><strong>multa</strong></span> <span class='ocrx_word' id='word_1_268' title='bbox 1652 4425 1716 4476; x_wconf 87' lang='lat' dir='ltr'><strong>et</strong></span> <span class='ocrx_word' id='word_1_269' title='bbox 1757 4418 1934 4478; x_wconf 86' lang='lat' dir='ltr'><strong>varia</strong></span> <span class='ocrx_word' id='word_1_270' title='bbox 1988 4417 2264 4497; x_wconf 87' lang='lat' dir='ltr'><strong>pericula</strong></span> <span class='ocrx_word' id='word_1_271' title='bbox 2304 4417 2670 4488; x_wconf 87' lang='lat' dir='ltr'><strong>iminebant,</strong></span> <span class='ocrx_word' id='word_1_272' title='bbox 2714 4422 2898 4496; x_wconf 90' lang='lat' dir='ltr'><strong>prout</strong></span> <span class='ocrx_word' id='word_1_273' title='bbox 2938 4416 3005 4476; x_wconf 91' lang='lat' dir='ltr'><strong>in</strong></span> <span class='ocrx_word' id='word_1_274' title='bbox 3046 4417 3271 4477; x_wconf 85' lang='lat' dir='ltr'><strong>litteris</strong></span> 
     </span>
     <span class='ocr_line' id='line_1_35' title="bbox 821 4522 3269 4604; baseline -0.002 -17"><span class='ocrx_word' id='word_1_275' title='bbox 821 4526 1056 4587; x_wconf 84' lang='lat' dir='ltr'><strong>nostris</strong></span> <span class='ocrx_word' id='word_1_276' title='bbox 1099 4525 1275 4587; x_wconf 89' lang='lat' dir='ltr'><strong>vobis</strong></span> <span class='ocrx_word' id='word_1_277' title='bbox 1318 4544 1506 4604; x_wconf 90' lang='lat' dir='ltr'><strong>super</strong></span> <span class='ocrx_word' id='word_1_278' title='bbox 1561 4524 1681 4585; x_wconf 90' lang='lat' dir='ltr'><strong>hoc</strong></span> <span class='ocrx_word' id='word_1_279' title='bbox 1728 4524 1983 4584; x_wconf 88' lang='lat' dir='ltr'><strong>directis</strong></span> <span class='ocrx_word' id='word_1_280' title='bbox 2036 4522 2283 4602; x_wconf 88' lang='lat' dir='ltr'><strong>plenius</strong></span> <span class='ocrx_word' id='word_1_281' title='bbox 2338 4523 2713 4594; x_wconf 86' lang='lat' dir='ltr'><strong>continetur,</strong></span> <span class='ocrx_word' id='word_1_282' title='bbox 2798 4523 3101 4601; x_wconf 85' lang='lat' dir='ltr'><strong>lapsoque</strong></span> <span class='ocrx_word' id='word_1_283' title='bbox 3154 4530 3269 4583; x_wconf 87' lang='lat' dir='ltr'><strong>ter-</strong></span> 
     </span>
     <span class='ocr_line' id='line_1_36' title="bbox 819 4628 3269 4712; baseline -0.002 -19"><span class='ocrx_word' id='word_1_284' title='bbox 819 4633 993 4693; x_wconf 89' lang='lat' dir='ltr'><strong>mino</strong></span> <span class='ocrx_word' id='word_1_285' title='bbox 1047 4631 1346 4712; x_wconf 88' lang='lat' dir='ltr'><strong>predicto,</strong></span> <span class='ocrx_word' id='word_1_286' title='bbox 1400 4631 1548 4711; x_wconf 90' lang='lat' dir='ltr'><strong>quia</strong></span> <span class='ocrx_word' id='word_1_287' title='bbox 1589 4629 1744 4690; x_wconf 90' lang='lat' dir='ltr'><strong>illud</strong></span> <span class='ocrx_word' id='word_1_288' title='bbox 1786 4630 2157 4691; x_wconf 83' lang='lat' dir='ltr'><strong>mandatum</strong></span> <span class='ocrx_word' id='word_1_289' title='bbox 2214 4635 2496 4690; x_wconf 89' lang='lat' dir='ltr'><strong>nostrum</strong></span> <span class='ocrx_word' id='word_1_290' title='bbox 2544 4628 2764 4708; x_wconf 86' lang='lat' dir='ltr'><strong>exequi</strong></span> <span class='ocrx_word' id='word_1_291' title='bbox 2811 4648 2937 4688; x_wconf 90' lang='lat' dir='ltr'><strong>non</strong></span> <span class='ocrx_word' id='word_1_292' title='bbox 2985 4629 3269 4701; x_wconf 88' lang='lat' dir='ltr'><strong>curastis,</strong></span> 
     </span>
     <span class='ocr_line' id='line_1_37' title="bbox 819 4736 3272 4816; baseline -0.002 -15"><span class='ocrx_word' id='word_1_293' title='bbox 819 4759 932 4801; x_wconf 89' lang='lat' dir='ltr'><strong>vos</strong></span> <span class='ocrx_word' id='word_1_294' title='bbox 1000 4738 1432 4799; x_wconf 88' lang='lat' dir='ltr'><strong>inobedientes</strong></span> <span class='ocrx_word' id='word_1_295' title='bbox 1499 4737 1723 4797; x_wconf 89' lang='lat' dir='ltr'><strong>merito</strong></span> <span class='ocrx_word' id='word_1_296' title='bbox 1791 4736 2291 4816; x_wconf 86' lang='lat' dir='ltr'><strong>reputaverimus</strong></span> <span class='ocrx_word' id='word_1_297' title='bbox 2358 4743 2423 4796; x_wconf 91' lang='lat' dir='ltr'><strong>et</strong></span> <span class='ocrx_word' id='word_1_298' title='bbox 2500 4741 2925 4807; x_wconf 86' lang='lat' dir='ltr'><strong>contumaces,</strong></span> <span class='ocrx_word' id='word_1_299' title='bbox 3009 4754 3272 4814; x_wconf 87' lang='lat' dir='ltr'><strong>quarum</strong></span> 
     </span>
     <span class='ocr_line' id='line_1_38' title="bbox 817 4841 3268 4924; baseline -0.001 -19"><span class='ocrx_word' id='word_1_300' title='bbox 817 4863 1047 4924; x_wconf 89' lang='lat' dir='ltr'><strong>penam</strong></span> <span class='ocrx_word' id='word_1_301' title='bbox 1118 4844 1297 4905; x_wconf 88' lang='lat' dir='ltr'><strong>nobis</strong></span> <span class='ocrx_word' id='word_1_302' title='bbox 1367 4843 1819 4904; x_wconf 85' lang='lat' dir='ltr'><strong>reservavimus</strong></span> <span class='ocrx_word' id='word_1_303' title='bbox 1888 4843 2065 4904; x_wconf 90' lang='lat' dir='ltr'><strong>vobis</strong></span> <span class='ocrx_word' id='word_1_304' title='bbox 2135 4861 2248 4922; x_wconf 90' lang='lat' dir='ltr'><strong>pro</strong></span> <span class='ocrx_word' id='word_1_305' title='bbox 2336 4847 2617 4921; x_wconf 87' lang='lat' dir='ltr'><strong>tempore</strong></span> <span class='ocrx_word' id='word_1_306' title='bbox 2684 4841 3130 4920; x_wconf 88' lang='lat' dir='ltr'><strong>infligendam;</strong></span> <span class='ocrx_word' id='word_1_307' title='bbox 3200 4860 3268 4902; x_wconf 87' lang='lat' dir='ltr'><strong>ac</strong></span> 
     </span>
     <span class='ocr_line' id='line_1_39' title="bbox 821 4946 3263 5012; baseline -0.003 0"><span class='ocrx_word' id='word_1_308' title='bbox 821 4952 1050 5012; x_wconf 88' lang='lat' dir='ltr'><strong>iterato</strong></span> <span class='ocrx_word' id='word_1_309' title='bbox 1111 4951 1277 5010; x_wconf 89' lang='lat' dir='ltr'><strong>idem</strong></span> <span class='ocrx_word' id='word_1_310' title='bbox 1336 4949 1702 5010; x_wconf 86' lang='lat' dir='ltr'><strong>mandatum</strong></span> <span class='ocrx_word' id='word_1_311' title='bbox 1770 4956 2055 5011; x_wconf 88' lang='lat' dir='ltr'><strong>nostrum</strong></span> <span class='ocrx_word' id='word_1_312' title='bbox 2126 4949 2287 5009; x_wconf 87' lang='lat' dir='ltr'><strong>citra</strong></span> <span class='ocrx_word' id='word_1_313' title='bbox 2354 4947 2615 5009; x_wconf 88' lang='lat' dir='ltr'><strong>Festum</strong></span> <span class='ocrx_word' id='word_1_314' title='bbox 2683 4947 2871 5008; x_wconf 85' lang='lat' dir='ltr'><strong>Beati</strong></span> <span class='ocrx_word' id='word_1_315' title='bbox 2940 4946 3263 5008; x_wconf 86' lang='lat' dir='ltr'><strong>Laurencii</strong></span> 
     </span>
    </p>
   </div>
   <div class='ocr_carea' id='block_1_9' title="bbox 3544 4359 3550 4945">
    <p class='ocr_par' dir='ltr' id='par_1_9' title="bbox 3544 4359 3550 4945">
     <span class='ocr_line' id='line_1_40' title="bbox 3544 4359 3550 4945; baseline 0 0"><span class='ocrx_word' id='word_1_316' title='bbox 3544 4359 3550 4945; x_wconf 95' lang='lat' dir='ltr'><strong> </strong></span> 
     </span>
    </p>
   </div>
  </div>
 </body>
</html>
