3619 5868
1208 525 1508 604 Episcopi
1561 525 2044 605 Herefordcnsis.
2739 529 2854 590 173

391 747 456 806 in
501 748 691 808 Festo
734 747 979 808 Pasche
1023 767 1191 808 anno
1236 748 1377 820 xlv;
1422 755 1484 809 et
1527 750 1604 810 de
1649 771 1730 809 xx
1773 751 1989 810 solidis
2033 771 2146 830 pro
2186 751 2357 829 xxiiij
2404 750 2569 811 robis
2606 751 2857 830 partitis

391 854 468 914 de
659 855 687 914 Ῥ
927 853 1112 915 factis
1162 854 1244 913 ad
1307 855 1560 915 easdem
1625 856 2012 936 queyntisas.
2127 857 2213 916 Et
2258 856 2307 918 G
2358 856 2541 917 solidi
2580 876 2693 935 pro
2754 857 2857 918 CO

388 961 616 1039 pannis
651 959 1004 1021 tondendis.
1076 961 1165 1019 Et
1205 961 1289 1020 lix
1324 961 1506 1020 solidi
1543 961 1790 1021 liberati
1828 961 2201 1034 AlexandrO,
2244 962 2536 1040 pincerne
2577 961 2853 1034 Domini,

392 1087 558 1128 anno
606 1066 782 1143 xliiij,
832 1067 911 1126 ad
961 1067 1298 1144 cariagium
1347 1067 1633 1126 vinorum
1686 1067 2043 1127 faciendum
2086 1087 2196 1147 per
2249 1088 2476 1128 manus
2534 1067 2854 1139 Willelmi,

393 1172 638 1251 Rogeri,
699 1177 761 1232 et
815 1171 1026 1250 Vigeri
1080 1171 1450 1232 valletorum
1510 1192 1785 1244 suorum,
1848 1172 1923 1232 de
1973 1173 2202 1252 quibus
2258 1173 2420 1233 idem
2483 1172 2854 1245 Alexander,

392 1269 756 1339 executores
826 1278 925 1338 vel
992 1277 1274 1348 heredes,
1347 1278 1577 1338 debent
1656 1279 2050 1357 respondere.
2194 1279 2279 1338 Et
2350 1299 2535 1339 xxxs.
2609 1279 2855 1339 liberati

391 1383 670 1445 «Iohanni
715 1383 792 1443 de
833 1385 1031 1462 Aqua,
1072 1383 1402 1461 panetario
1442 1384 1718 1455 Domini,
1761 1384 1841 1443 ad
1883 1384 2244 1462 cariagium,
2285 1384 2365 1444 de
2406 1384 2633 1463 quibus
2670 1384 2857 1446 debet

392 1489 807 1568 respondere3
867 1495 929 1549 et
970 1489 1052 1567 vij
1106 1489 1259 1548 libre
1303 1489 1564 1550 liberate
1609 1489 1739 1549 Ade
1803 1489 1879 1548 de
1928 1489 2228 1560 vallibus,
2279 1491 2545 1569 emptori
2590 1493 2856 1570 coquine

392 1595 687 1667 Domini;
745 1603 810 1654 et
852 1594 1016 1673 lxijs.
1062 1594 1232 1672 viijd.
1279 1614 1391 1673 pro
1449 1595 1694 1656 duabus
1744 1597 2008 1666 carucis,
2060 1596 2387 1655 conductis
2442 1595 2507 1654 in
2557 1594 2857 1656 nundinis

397 1701 818 1770 Staunfordie,
855 1720 982 1760 una
1013 1700 1322 1761 conducta
1357 1701 1421 1760 in
1457 1701 1756 1761 nundinis
1793 1700 2315 1780 Norhamptonie,
2350 1699 2575 1761 duabis
2615 1700 2855 1760 carucis

391 1808 720 1868 conductis
761 1807 828 1866 in
871 1807 1168 1867 nundinis
1215 1807 1553 1878 Wintonie,
1600 1827 1726 1867 una
1789 1807 2102 1867 conducta
2153 1807 2219 1866 in
2280 1806 2577 1866 nundinis
2638 1806 2855 1866 Sancti

391 1915 606 1974 Ivonis
677 1913 756 1973 ad
815 1933 1060 1992 pannos
1119 1913 1448 1973 cariandos
1509 1933 1706 1993 usque
1764 1913 2148 1984 LondoniaS,
2220 1932 2364 1972 cum
2430 1913 2719 1991 cariagiis
2790 1920 2855 1973 et

390 2021 614 2091 cordis,
669 2041 837 2081 anno
888 2020 1038 2081 xlv¹⁵⁰
1086 2030 1148 2078 et
1197 2018 1392 2097 xlvj¹⁵05
1444 2027 1506 2080 et
1559 2022 1707 2098 xxij.
1756 2039 1915 2099 quas
1965 2020 2251 2080 liberavit
2301 2018 2575 2079 Radulfo
2622 2019 2855 2079 Basset

390 2145 504 2207 pro
561 2127 868 2205 arrei-agio
926 2127 1091 2187 feodi
1136 2129 1278 2200 sui;
1340 2126 1507 2187 unde
1548 2127 1756 2186 dictus
1817 2126 2144 2185 Johannes
2201 2124 2422 2185 habuit
2486 2125 2854 2196 mandatum

391 2251 504 2310 per
530 2231 714 2292 breve
758 2233 1034 2304 Domini,
1079 2239 1142 2294 et
1197 2233 1316 2293 hoc
1373 2238 1549 2311 patet
1602 2251 1714 2311 per
1769 2231 1956 2291 breve
2004 2230 2158 2290 dicti
2207 2229 2459 2290 Radulfi
2506 2236 2731 2309 patens
2775 2230 2853 2290 de

393 2338 710 2399 solucione
765 2339 936 2400 facta
958 2359 974 2411 ;
1034 2347 1097 2400 et-
1148 2340 1297 2418 xxxj
1313 2339 1376 2400 li.
1431 2359 1510 2398 xv
1525 2357 1571 2398 s.
1624 2358 1782 2418 quas
1840 2337 2127 2398 liberavit
2185 2337 2481 2397 Michaeli
2537 2335 2615 2396 de
2674 2336 2855 2397 Senis

396 2444 472 2505 de
535 2445 846 2524 arreragio
914 2445 1079 2505 feodi
1149 2444 1247 2504 sui
1317 2445 1548 2504 annui:
1623 2453 1688 2503 et
1759 2442 1931 2520 xxiiij
1950 2442 2011 2502 li.
2088 2461 2245 2522 quas
2316 2440 2601 2502 liberavit
2676 2440 2854 2501 fratri

386 2550 686 2622 Johanni,
739 2551 1131 2612 thesaurario
1182 2551 1537 2630 Hospitalis
1595 2550 1674 2610 de
1731 2548 2238 2619 Glerkenewelle,
2290 2548 2367 2608 de
2417 2555 2637 2607 mut-uo
2685 2548 2853 2606 facto

389 2656 663 2716 Domino
731 2656 798 2715 in
867 2656 1139 2716 denariis
1209 2675 1368 2736 quos
1437 2654 1724 2715 liberavit
1797 2654 2079 2714 Gerardo
2149 2653 2471 2712 balistario
2543 2657 2605 2712 et
2666 2651 2852 2712 sociis

388 2763 540 2833 suis,
597 2783 710 2842 pro
766 2763 1075 2842 arreragio
1131 2762 1456 2823 vadiorum
1522 2781 1798 2832 suorum,
1851 2780 1964 2839 per
2022 2758 2207 2820 breve
2266 2758 2521 2818 Domini
2576 2766 2847 2838 patens;

388 2875 451 2928 et
514 2868 754 2929 xxxvli.
821 2869 1011 2947 xviJ's.
1073 2869 1176 2947 viij
1193 2868 1254 2928 d.
1315 2867 1438 2939 ob.,
1497 2885 1658 2949 quas
1724 2866 2011 2926 liberavit
2072 2865 2335 2925 diversis
2398 2863 2851 2924 mercatoribus

387 2995 500 3054 pro
556 2995 757 3036 avena
812 2982 998 3054 capta
1053 2995 1166 3054 per
1219 2994 1479 3036 manum
1539 2974 1821 3052 magistri
1879 2972 2201 3043 willelmi,
2260 2971 2577 3049 quondam
2642 2969 2851 3030 clerici

391 3082 796 3144 Marescalcie
852 3082 1110 3143 Domini
1133 3101 1149 3153 ;
1209 3081 1286 3141 de
1335 3080 1562 3161 quibus
1612 3079 1887 3141 denariis
1938 3078 2101 3139 idem
2152 3076 2503 3139 Willelmus
2557 3077 2655 3137 vel
2708 3095 2850 3136 exe·

388 3198 638 3250 cutores
710 3190 806 3250 vel
879 3189 1140 3249 heredes
1217 3188 1421 3249 eidem
1495 3187 1726 3247 debent
1800 3185 2197 3264 respondere.
2327 3184 2412 3243 Et
2484 3183 2541 3261 vj
2559 3182 2621 3241 li.
2695 3201 2852 3260 quas

386 3296 672 3356 liberavit
717 3295 1001 3356 Gilberto
1044 3294 1304 3355 Talebot
1347 3294 1425 3354 ad
1469 3293 1802 3353 emendum
1849 3292 2221 3362 instaurum,
2262 3288 2428 3368 apud
2465 3288 2847 3360 Grosmund,

390 3401 759 3472 Sekenefrit,
810 3408 872 3462 et
923 3399 1150 3460 Album
1203 3400 1494 3461 Castrum
1541 3400 1604 3458 in
1655 3398 1982 3469 Marchia;
2043 3396 2121 3456 de
2162 3394 2389 3474 quibus
2430 3395 2612 3454 heres
2654 3394 2851 3471 ipsius

387 3510 571 3571 debet
619 3506 1012 3585 respondere.
1125 3506 1213 3566 Et
1267 3506 1380 3565 xli.
1440 3524 1596 3584 quas
1654 3503 1940 3563 liberavit
1999 3501 2268 3563 dominis
2316 3502 2508 3561 Petro
2557 3500 2634 3559 de
2683 3499 2849 3559 Wal-

386 3615 754 3694 dringeham
811 3619 874 3673 et
937 3612 1249 3673 Willelmo
1305 3612 1583 3690 Turpyn,
1641 3609 1821 3669 novis
1880 3607 2207 3679 militibus,
2260 3625 2373 3685 pro
2429 3605 2728 3684 palestria
2787 3611 2851 3666 et

387 3720 795 3784 sellionibUS.¹
918 3720 1006 3779 Et
1075 3718 1179 3796 viij
1197 3718 1259 3777 li.
1334 3736 1437 3777 xs.
1511 3737 1668 3796 quas
1737 3715 2028 3775 liberavit
2098 3713 2444 3773 Rowlando
2518 3712 2850 3772 mercatori

386 3847 686 3907 equorum
732 3826 1011 3897 Domini,
1054 3844 1167 3904 per
1209 3842 1436 3883 manus
1481 3822 1770 3900 Hugonis
1814 3821 2061 3898 nepotis
2106 3820 2224 3891 sui,
2266 3819 2521 3899 quando
2560 3818 2732 3879 venit
2771 3817 2851 3878 de

386 3935 670 4015 partibus
733 3930 1175 3993 transmarinis
1238 3949 1384 3989 cum
1441 3927 1618 4007 equis
1683 3926 1941 3986 Domini
2005 3933 2069 3985 et
2132 3926 2415 3995 camelo;
2480 3923 2559 3983 de
2620 3924 2848 4002 quibus

387 4042 571 4102 debet
611 4038 1006 4119 respondere.
1113 4036 1202 4095 Et
1265 4034 1390 4113 lxvj
1407 4053 1457 4094 s.
1521 4033 1696 4111 viijd.
1759 4051 1916 4112 quos
1973 4031 2258 4091 liberavit
2305 4030 2583 4090 :Iohanni
2638 4029 2847 4101 Ferre,

387 4147 616 4207 valleto
679 4143 957 4213 Domini,
1014 4144 1091 4202 de
1156 4139 1368 4200 debito
1430 4156 1554 4199 xxx
1617 4156 1971 4197 marcarum
2037 4143 2101 4196 et
2164 4134 2438 4205 dimidie,
2496 4135 2561 4194 in
2620 4134 2850 4215 quibus

385 4254 698 4313 Dominus
767 4250 825 4311 ei
895 4248 1246 4317 tenebatur,
1319 4245 1480 4305 sicut
1547 4252 1726 4323 patet
1788 4262 1902 4322 per
1961 4242 2147 4301 breve
2210 4240 2348 4318 ejus
2408 4246 2653 4319 patens.
2756 4240 2845 4301 Et

389 4358 715 4438 Stephano
761 4356 840 4416 de
891 4355 1111 4414 Monte
1163 4350 1434 4412 Ferandi
1485 4350 1544 4427 vj
1560 4349 1624 4409 li.
1669 4348 1774 4426 xiij
1793 4367 1844 4407 s,
1890 4346 2061 4425 iiijd.
2104 4347 2169 4405 in
2219 4352 2461 4423 partem
2512 4343 2852 4405 solucionis

385 4464 712 4527 vadiorum
775 4479 1052 4521 suorum.
1179 4458 1265 4518 Et
1336 4456 1395 4535 xj
1412 4456 1476 4517 li.
1550 4455 1632 4535 vij
1649 4474 1699 4515 a.
1775 4473 1934 4534 quas
2012 4452 2301 4513 liberavit
2384 4449 2697 4511 Willelmo
2772 4450 2850 4511 de

385 4570 700 4630 Wautone
744 4566 810 4627 in
859 4571 1103 4644 partem
1156 4562 1492 4623 solucionis
1540 4559 1865 4619 vadiorum
1916 4576 2191 4628 suorum,
2244 4575 2355 4635 per
2403 4556 2588 4616 breve
2640 4556 2846 4634 Regis.

384 4677 474 4736 Et
528 4674 642 4735 xli.
694 4671 839 4750 xviij
857 4691 908 4732 s.
959 4670 1001 4749 ij
1018 4670 1074 4733 d.
1137 4688 1297 4750 quas
1354 4666 1640 4727 liberavit
1701 4665 1983 4725 Waltero
2040 4663 2118 4723 de
2175 4662 2451 4741 Langele
2505 4662 2581 4722 de
2638 4662 2851 4722 debito

385 4782 508 4859 xxij
583 4798 936 4841 marcarum
1006 4795 1121 4856 pro
1198 4774 1445 4835 duabus
1521 4771 1802 4832 runcinis
1880 4772 1945 4829 in
2016 4769 2315 4849 obsequio
2384 4768 2643 4829 Domini
2712 4786 2849 4847 per-

929 4959 1272 5007 l—Palestria‚
1299 4964 1408 5007 etc..
1437 4958 1587 5005 riding
1614 4957 1774 4999 school
1801 4956 1895 4999 and
1923 4954 2287 4997 saddle-horses.
