3619 5868
1263 519 1566 600 Episcopi
1618 521 2101 602 Herefordensis.
2793 530 2913 592 137

449 740 565 813 sui,
627 763 816 822 super
879 764 1004 823 qua
1056 743 1321 806 firmiter
1380 746 1736 825 repromisit
1790 747 1997 808 dictus
2060 749 2436 810 Procurator
2496 751 2661 831 quod
2729 752 2915 814 nobis

449 848 680 912 habere
723 850 955 912 faceret
1001 850 1279 913 litteram
1317 852 1628 932 signatam
1671 853 1873 933 sigillo
1917 855 2317 916 officialitatis
2359 856 2543 918 Ourie
2588 857 2910 919 Cantuari-

445 956 654 1028 ensis;
715 957 886 1018 illam
929 958 1162 1019 dictam
1206 959 1587 1039 prebendam
1637 961 2019 1022 contulimus
2057 961 2357 1042 magistro
2398 961 2530 1022 Ade
2567 963 2645 1024 de
2694 963 2913 1044 Fileby

445 1059 682 1121 intuitu
721 1062 1034 1134 caritatis;
1075 1067 1140 1124 et
1183 1063 1304 1124 hoc
1340 1064 1401 1143 vj
1439 1065 1658 1126 Nonas
1702 1065 2009 1137 Octobris,
2050 1068 2215 1146 apud
2258 1067 2550 1128 Castrum
2592 1069 2913 1149 Episcopi.

444 1167 534 1227 Et
579 1169 947 1228 mandatum
985 1174 1083 1230 est
1112 1170 1573 1231 Ebdomodario
1608 1171 2055 1233 Herefordensi
2095 1173 2261 1252 quod
2306 1173 2579 1246 inducat,
2628 1180 2745 1236 etc.

451 1501 576 1562 The
636 1499 1029 1562 Archdeacon
1083 1502 1154 1581 os
1201 1501 1410 1581 Salop,
1479 1500 1612 1561 who
1684 1500 1794 1561 has
1852 1499 2057 1580 failed
2127 1508 2186 1562 to
2254 1522 2484 1582 appear
2552 1502 2745 1583 before
2814 1505 2913 1566 the

690 1581 927 1661 Bishop
981 1589 1049 1642 at
1105 1582 1203 1642 the
1257 1581 1457 1642 stated
1510 1582 1652 1660 day,
1703 1602 1771 1642 or
1828 1582 1925 1642 the
1976 1581 2136 1642 three
2172 1582 2493 1662 following}
2533 1583 2706 1662 days,
2751 1583 2807 1645 is
2854 1593 2911 1646 to

695 1662 763 1724 be
802 1662 1151 1723 summoned
1191 1663 1398 1742 aqain.

611 1843 1145 1905 ARcmDuconUs
1190 1844 1736 1919 Saone—Quia
1777 1844 2270 1906 Archidiaconus
2322 1846 2588 1926 Salopie,
2634 1847 2913 1926 legitime

433 1955 695 2010 vocatus
772 1950 940 2030 quod
1003 1955 1391 2029 compareret
1452 1970 1664 2011 coram
1725 1949 1907 2010 nobis
1963 1950 2064 2010 die
2108 1950 2373 2012 Veneris
2427 1951 2711 2030 proximo
2764 1958 2911 2031 post

443 2056 919 2117 Exaltacionem
979 2055 1207 2116 Sancte
1264 2055 1500 2127 CruciS,
1558 2076 1703 2117 cum
1759 2075 1949 2135 super
2000 2056 2333 2117 vocacione
2388 2057 2527 2136 ejus
2582 2057 2649 2116 in
2710 2057 2913 2118 forma

443 2160 601 2240 juris
663 2160 1002 2222 fuissemus
1064 2161 1409 2232 certificati,
1466 2160 1727 2241 ipsoque
1787 2161 1853 2219 in
1911 2160 2109 2222 valvis
2171 2161 2431 2222 ecclesie
2493 2162 2915 2225 Leominstrie

444 2287 596 2327 voce
650 2266 946 2346 preconia
1000 2271 1240 2338 vocato,
1285 2287 1358 2328 ac
1413 2267 1552 2347 ipso
1608 2267 1780 2327 nullo
1837 2267 2023 2328 modo
2080 2272 2498 2347 comparente,
2542 2268 2751 2347 ipsum
2798 2288 2913 2349 per

438 2371 573 2432 dies
620 2372 925 2452 plurimos
981 2373 1479 2452 expectavimus;
1547 2393 1817 2452 cumque
1884 2392 2095 2433 coram
2165 2373 2346 2434 nobis
2416 2373 2674 2434 minime
2742 2394 2908 2434 com-

439 2499 657 2559 parere
717 2485 981 2551 curaret,
1041 2499 1186 2540 eum
1244 2479 1673 2559 reputavimus
1735 2483 2207 2550 contumacem;
2276 2484 2668 2541 reservantes
2728 2479 2915 2541 nobis

442 2605 671 2664 penam
721 2585 1115 2646 contumacie
1163 2585 1281 2646 sibi
1338 2585 1740 2664 infligendam
1795 2606 1941 2645 cum
1997 2585 2311 2646 videbitur
2363 2585 2545 2646 nobis
2601 2585 2909 2666 expedire.

449 2690 540 2751 Et
582 2691 971 2751 decrevimus
1012 2690 1189 2750 illum
1230 2691 1460 2751 iterum
1501 2690 1633 2751 fore
1674 2690 2044 2751 vocandum.

447 3024 568 3103 Sep
571 3031 612 3084 t.
655 3028 754 3083 22.
757 3023 1137 3084 ——Maredate
1181 3029 1239 3084 to
1285 3023 1381 3083 the
1421 3022 1600 3083 Dean
1638 3022 1709 3102 of
1740 3021 2121 3099 Ponte-§bury
2166 3028 2223 3081 to
2264 3040 2542 3082 sammon
2573 3020 2715 3099 Ray
2716 3020 2912 3081 mund

683 3104 757 3165 de
799 3104 1040 3183 Bevyle,
1083 3104 1305 3165 Rector
1345 3103 1416 3183 of
1448 3103 1881 3181 Montqomery,
1928 3110 1985 3163 to
2027 3122 2257 3181 appear
2300 3102 2493 3182 before
2536 3102 2632 3163 the
2674 3101 2916 3182 Bishop

691 3192 748 3245 to
792 3205 1029 3246 answer
1057 3186 1165 3265 sor
1207 3184 1304 3245 his
1345 3204 1495 3245 non·
1475 3184 1820 3245 ·residence.

610 3367 883 3425 Dncano
965 3382 1052 3423 nn
1135 3364 1573 3425 Poura-snum(
1669 3383 1921 3426 contum
2018 3366 2380 3424 Rncronnu
2477 3382 2564 3423 nn
2663 3364 2912 3425 Monens.

442 3471 1138 3541 Gonnum—Thomas,
1218 3475 1357 3542 etc„
1438 3471 1695 3532 Decano
1777 3471 1855 3531 de
1940 3471 2337 3549 Pontesbury
2420 3470 2705 3541 salutem,
2786 3476 2904 3531 etc.

447 3575 836 3637 Affectantes
865 3576 1054 3635 variis
1094 3574 1388 3655 periculis
1426 3595 1749 3636 occurrere
1780 3596 1903 3656 que
1935 3596 2010 3636 ex
2051 3595 2267 3637 eorum
2308 3574 2600 3636 absencia
2640 3574 2907 3636 iminent

434 3683 542 3763 qui
611 3683 677 3742 in
753 3687 970 3742 nostra
1039 3682 1270 3743 diocesi
1339 3687 1636 3743 tenentur
1697 3683 1941 3743 animas
2002 3702 2213 3763 regere
2274 3682 2340 3741 in
2400 3682 2531 3743 suis
2588 3682 2914 3745 beneficiis

435 3789 715 3869 legitime
778 3793 1256 3859 commorantes,
1302 3787 1477 3849 vobis
1528 3794 1744 3849 tenore
1785 3787 2182 3868 presencium
2223 3787 2484 3848 firmiter
2523 3787 2908 3868 injungendo

442 3896 817 3955 mandamus
873 3894 1172 3974 quatinus
1227 3894 1551 3954 dominum
1608 3894 2052 3973 Reymundum
2121 3893 2197 3954 de
2260 3893 2515 3972 Bevyle,
2574 3893 2907 3953 Rectorem

432 4001 694 4063 ecclesie
751 4002 828 4061 de
889 4001 1112 4061 Monte
1168 4001 1461 4079 Gomery,
1513 4000 1887 4060 auctoritate
1930 4005 2147 4061 nostra
2185 3999 2253 4059 in
2309 3999 2572 4060 ecclesia
2613 4019 2727 4060 sua
2767 4019 2905 4079 pre·

435 4108 604 4168 dicta
662 4108 911 4187 publice
967 4112 1031 4167 et
1091 4107 1522 4186 sollempniter
1577 4106 1887 4166 moneatis
1942 4106 2126 4185 quod,
2190 4105 2348 4166 citra
2402 4104 2664 4165 Festum
2721 4104 2905 4165 Beati

434 4214 691 4284 Thome,
754 4212 1056 4292 Apostoli,
1101 4213 1180 4273 ad
1237 4232 1416 4273 suam
1473 4211 1799 4273 ecclesiam
1859 4210 1975 4272 sub
2030 4230 2193 4291 pena
2247 4209 2623 4290 privacionis
2671 4210 2902 4280 redeat,

435 4319 504 4378 in
575 4320 790 4379 eadem
864 4318 1277 4379 residenciam
1341 4317 1639 4388 facturus,
1702 4320 1891 4395 prout
1951 4314 2306 4395 precipiunt
2367 4313 2665 4374 canonice
2728 4332 2905 4374 sanc-

441 4424 687 4495 ciones;
764 4423 1032 4485 citantes
1087 4443 1234 4483 eum
1290 4422 1356 4481 in
1419 4422 1557 4482 loco
1619 4420 1980 4500 supradicto
2039 4420 2208 4500 quod
2276 4424 2635 4499 compareat
2697 4438 2909 4479 coram

439 4530 621 4591 nobis
691 4530 975 4609 proximo
1044 4528 1144 4589 die
1208 4528 1472 4609 juridico
1541 4532 1686 4607 post
1755 4526 1923 4587 idem
1984 4526 2263 4597 Festum,
2320 4526 2714 4605 ubicumque,
2784 4530 2902 4586 etc.

440 4637 678 4697 Datum
737 4636 901 4716 apud
961 4635 1236 4715 Sugwas,
1289 4654 1328 4694 x
1385 4634 1703 4695 Kalendas
1757 4632 2068 4704 Octobris,
2127 4632 2637 4694 consecracionis
2692 4636 2911 4692 nostre

439 4764 604 4804 anno
651 4744 863 4804 tercie.
