3619 5868
823 490 904 554 86
1469 490 1829 570 Βορέαν-ψη
1884 491 2105 553 Thomc
2156 492 2231 553 dc
2300 491 2631 572 Cantilupo

831 716 984 778 dicti
1019 716 1318 778 willelmi
1355 716 1730 777 instanciam
1765 717 2037 797 sigillum
2082 723 2363 778 nostrum
2408 718 2813 797 apposuimus
2854 717 3001 778 huic
3046 718 3285 797 scripto

823 824 892 885 in
927 824 1354 885 testimonium
1383 824 1686 887 veritatis.
1773 825 2010 885 Datum
2046 825 2214 904 apud
2245 824 2617 904 Bromyard,
2648 824 2711 903 xj
2751 824 3073 885 Kalendas
3104 825 3145 885 J
3148 825 3281 898 ulii,

825 949 995 991 anno
1064 931 1321 991 Domini
1390 931 1855 993 M⁰CC⁰LXX⁰
1914 939 2111 992 sexte.
2226 931 2386 991 Cum
2454 931 2667 1009 itaque
2734 950 2811 990 ex
2886 929 3287 1009 inspeccione

824 1036 1137 1098 dictarum
1179 1037 1535 1099 litterarum
1576 1037 1813 1118 liquido
1861 1037 2043 1097 nobis
2098 1043 2346 1097 constet
2398 1036 2678 1115 prefatos
2735 1036 3164 1097 Humbertum
3220 1041 3287 1097 et

825 1143 1214 1204 willelmum
1259 1162 1326 1205 se
1367 1144 1755 1204 ordinacioni
1796 1149 2009 1205 nostre
2046 1144 2115 1203 in
2154 1161 2349 1203 causa
2388 1161 2501 1203 seu
2547 1142 2877 1221 questione
2916 1161 3107 1219 super
3147 1161 3286 1221 pre·

827 1250 1032 1311 benda
1087 1250 1166 1311 de
1222 1250 1576 1329 Ynteberge
1633 1250 1696 1310 in
1753 1250 2042 1311 Ecclesia.
2097 1248 2545 1310 Herefordensi
2594 1250 2875 1311 totaliter
2916 1250 3282 1328 subjecisse,

825 1362 1244 1417 memoratum
1309 1356 1735 1416 Humbertum
1805 1375 1917 1435 per
1990 1355 2331 1417 Girardum
2384 1355 2463 1417 de
2518 1354 2742 1433 Ogina,
2813 1374 3153 1435 personam
3205 1356 3288 1417 de

826 1459 1181 1531 Colewalle,
1253 1460 1734 1521 Procuratorem
1819 1478 2003 1521 suum
2072 1460 2375 1539 legittime
2458 1460 2874 1521 constitutum
2948 1480 3060 1539 per
3134 1480 3287 1522 suas

825 1572 1120 1646 patentes
1162 1566 1406 1627 litteras
1454 1565 1634 1627 nobis
1677 1565 2009 1637 exhibitae,
2054 1586 2319 1647 quarum
2364 1570 2544 1626 tenor
2584 1566 2733 1627 talis
2772 1571 2871 1626 est
2888 1565 3288 1629 —Universis

825 1679 1151 1751 presentes
1185 1672 1428 1733 litteras
1455 1671 1682 1733 visuris
1709 1673 1813 1733 vel
1854 1672 2162 1733 audituris
2206 1671 2599 1732 Humbertus
2640 1672 2718 1733 de
2746 1672 2990 1742 Yanua‚
3022 1672 3288 1734 ecclesie

827 1797 986 1839 nove
1027 1778 1227 1839 Beate
1271 1777 1572 1838 Katerine
1611 1777 1690 1839 de
1735 1778 1913 1857 Aqua
1953 1777 2136 1837 Bella
2178 1776 2433 1849 Cantor,
2478 1777 2767 1849 salutem,
2808 1783 2927 1839 etc.
3014 1776 3178 1839 Cum
3220 1778 3287 1837 in

826 1903 1020 1945 causa
1089 1903 1202 1945 seu
1269 1885 1598 1964 questione
1664 1904 1785 1963 que
1848 1882 2113 1943 vertitur
2178 1884 2244 1942 in
2312 1882 2503 1944 Curia
2572 1883 2877 1953 Romana,
2934 1888 3079 1953 etc..
3139 1902 3286 1963 sup-

824 1992 1140 2071 posuerim
1185 2010 1286 2051 me
1327 1990 1606 2051 totaliter
1647 1990 2031 2050 ordinacioni
2074 1989 2419 2051 Reverendi
2465 1990 2694 2061 Patris,
2727 1989 2983 2049 Domini
3020 1988 3285 2061 Thome,

825 2096 946 2157 Dei
989 2096 1200 2176 gracia
1241 2096 1538 2174 Episcopi
1577 2095 2079 2167 Herefordensis,
2118 2102 2180 2157 et
2217 2096 2383 2157 idern
2422 2095 2826 2155 Reverendus
2862 2096 3057 2156 Pater
3093 2096 3287 2156 michi

826 2203 990 2263 diem
1036 2201 1448 2280 assignaverit
1497 2199 1664 2279 apud
1702 2199 2102 2278 Prestebury,
2149 2201 2249 2261 die
2300 2200 2631 2260 Dominica
2679 2206 2824 2261 ante
2866 2200 3286 2262 Nativitatem

827 2307 1016 2369 Beati
1084 2307 1123 2367 J
1128 2306 1397 2367 ohannis
1465 2306 1757 2385 Baptista
1820 2306 2103 2385 proximo
2163 2313 2514 2377 venturam,
2580 2306 2663 2365 ad
2730 2305 3153 2367 ordinandum
3205 2306 3287 2366 de

826 2413 1186 2495 premissis;
1247 2424 1310 2473 et
1354 2411 1522 2473 dicte
1562 2412 1686 2473 diei
1726 2413 2031 2473 interesse
2072 2432 2199 2473 non
2237 2412 2497 2483 valeam,
2538 2412 2728 2473 variis
2760 2413 3284 2499 occupacionibus

829 2522 1191 2601 impeditus,
1238 2520 1577 2581 discretum
1616 2519 1817 2581 virum
1848 2519 2219 2581 Gererdum¹
2250 2518 2328 2579 de
2368 2518 2591 2598 Ogina,
2622 2536 2955 2598 personam
2984 2519 3065 2578 de
3110 2519 3283 2580 Cole-

823 2627 1022 2698 welle,
1096 2626 1579 2687 Herefordensis
1648 2625 1933 2697 diocesis,
2005 2644 2215 2685 meum
2285 2625 2620 2695 constituo,
2686 2625 2863 2696 facie,
2930 2630 2994 2685 et
3064 2625 3283 2686 ordino

828 2734 1324 2805 Procuratorem,
1357 2732 1515 2793 dans
1545 2731 1745 2791 eidem
1783 2731 2037 2810 plenam
2076 2736 2141 2791 et
2182 2731 2437 2791 liberam
2468 2734 2852 2809 potestatem
2891 2731 3285 2809 supponendi

828 2858 895 2901 se
951 2838 1204 2900 nomine
1261 2857 1420 2909 meO,
1465 2843 1529 2898 et
1583 2857 1684 2897 me
1739 2857 1850 2918 per
1902 2836 2129 2916 ipsum,
2175 2836 2557 2899 ordinacioni
2614 2836 2875 2915 predicti
2934 2838 3283 2899 Reverendi

826 2945 1055 3017 Patris,
1128 2945 1385 3006 Domini
1453 2944 1713 3016 (rhome,
1793 2944 1914 3004 Dei
1982 2945 2193 3022 gracia
2262 2943 2743 3004 Herefordensis
2818 2944 3139 3022 Episcopi,
3218 2951 3283 3006 et

827 3050 1079 3131 jurandi
1142 3050 1208 3110 in
1267 3049 1546 3111 animam
1609 3069 1836 3120 meam,
1881 3057 1946 3109 et
2004 3049 2297 3110 audiendi
2352 3049 2817 3108 ordinacionem
2874 3068 3064 3129 quam
3116 3051 3281 3111 idem

831 3155 1238 3218 Reverendus
1297 3157 1489 3217 Pater
1546 3155 1610 3215 in
1673 3156 1995 3235 premissis
2044 3155 2291 3215 duxerit
2338 3155 2712 3225 faciendam.
2764 3163 2829 3215 et
2886 3155 3101 3216 omnia
3156 3157 3282 3217 alia

830 3262 1103 3324 faciendi
1170 3283 1292 3343 que
1362 3281 1477 3341 ego
1545 3262 1835 3333 facerem,
1907 3261 2007 3323 vel
2076 3261 2279 3322 facere
2346 3279 2621 3340 possem,
2694 3261 2746 3321 si
2814 3261 3281 3339 presencialiter

829 3388 1090 3451 presens
1147 3388 1391 3440 essem;
1456 3375 1664 3429 ratum
1728 3376 1791 3427 et
1854 3375 2103 3446 gratum
2162 3366 2511 3439 habiturus,
2575 3373 2696 3427 etc.
2804 3366 2881 3425 In
2952 3367 3135 3444 cujus
3192 3367 3281 3427 rei

826 3474 1256 3538 testimonium
1311 3475 1581 3554 sigillum
1633 3474 1979 3535 Reverendi
2031 3473 2287 3534 Domini
2328 3471 2597 3544 Girardi,
2643 3471 2763 3533 Dei
2804 3471 3015 3550 gracia
3057 3473 3279 3532 Virdu-

825 3583 1040 3643 nensis
1096 3582 1414 3661 Episcopi,
1470 3601 1597 3642 una
1650 3601 1794 3641 cum
1860 3580 2062 3660 sigillo
2125 3599 2265 3640 meo
2325 3577 2721 3658 presentibus
2782 3577 3011 3638 litteris
3070 3577 3279 3656 rogavi

821 3689 1070 3769 apponi.
1179 3689 1314 3749 Nos
1383 3707 1550 3759 vero,
1594 3686 1912 3766 predictus
1968 3685 2379 3748 Virdunensis
2434 3683 2805 3763 Episcopus,
2856 3683 2937 3742 ad
2990 3689 3280 3761 rogatum

824 3794 978 3855 dicti
1038 3794 1398 3865 Humberti,
1458 3794 1729 3872 sigillum
1789 3799 2097 3862 nostrum,
2150 3811 2276 3852 una
2332 3811 2475 3851 cum
2538 3789 2741 3868 sigillo
2796 3789 3103 3867 ejusdem,
3146 3809 3279 3868 pre-

825 3901 1107 3962 sentibus
1175 3901 1403 3961 litteris
1471 3899 1765 3960 duximus
1836 3898 2275 3977 apponendum
2344 3897 2411 3956 in
2479 3894 2909 3956 testimonium
2972 3894 3275 3956 veritatis.

826 4006 1068 4067 Datum
1111 4007 1261 4067 xviii
1305 4005 1626 4066 Kalendas
1666 4005 1841 4077 Julii,
1884 4025 2050 4065 anno
2100 4004 2357 4064 Domini
2400 4002 2861 4066 M⁰CC⁰LXX⁰
2893 4007 3091 4063 sext0.
3194 4002 3277 4062 Et

817 4112 1100 4192 predicto
1158 4111 1475 4172 Willelmo
1515 4110 1927 4191 personaliter
1982 4110 2148 4189 apud
2202 4109 2551 4189 Bromyard
2604 4116 3006 4188 comparente
3070 4127 3277 4169 coram

822 4217 1023 4290 nobis,
1084 4218 1472 4298 prestitoque
1537 4237 1576 4278 a
1631 4215 1919 4297 partibus
1980 4217 2058 4277 de
2121 4217 2519 4277 ordinacione
2579 4220 2798 4276 nostra
2859 4216 2926 4274 in
2988 4214 3277 4275 omnibus

823 4323 1216 4385 observanda
1269 4323 1348 4384 ad
1409 4323 1640 4385 Sancta
1701 4324 1823 4383 Dei
1893 4322 2239 4402 Evangelia
2300 4324 2705 4403 corporaliter
2764 4323 3146 4401 jurament0,
3210 4341 3277 4382 ac

819 4431 1134 4491 instanter
1173 4430 1531 4509 petentibus
1573 4435 1643 4491 ut
1686 4432 1767 4490 ad
1811 4430 2271 4491 ordinacionem
2314 4430 2666 4490 faciendam
2708 4448 2895 4508 super
2934 4447 3129 4488 causa
3172 4447 3281 4489 seu

821 4537 1150 4619 questione
1200 4537 1483 4615 predicta
1539 4537 1875 4617 procedere
1930 4555 2293 4598 curaremus
2313 4559 2330 4611 3
2396 4555 2531 4608 nos,
2576 4535 2985 4597 consideratis
3028 4541 3091 4594 et
3126 4553 3277 4612 pon-

826 4642 1060 4703 deratis
1118 4642 1408 4702 omnibus
1464 4642 1966 4703 circumstanciis
2019 4642 2366 4722 predictam
2414 4641 2807 4721 questionem
2861 4638 3275 4718 contingenti-

823 4748 941 4810 bus
1023 4747 1458 4828 undecunque,
1530 4749 1648 4827 ipsi
1731 4748 2044 4828 questioni
2126 4749 2317 4809 finem
2398 4748 2717 4826 imponere
2784 4747 3129 4825 cupientes,
3200 4743 3275 4804 ad

945 4885 1114 4925 1-—The
1153 4883 1364 4931 spelling.
1410 4883 1446 4925 it
1489 4883 1585 4926 will
1625 4883 1681 4925 be
1720 4884 1876 4931 noted,
1922 4883 1964 4925 is
1998 4885 2263 4927 somewhat
2302 4884 2565 4932 capricious
2606 4884 2733 4930 here.
2777 4893 2834 4925 as
2876 4882 2925 4923 in
2966 4883 3051 4924 the
3088 4891 3199 4923 case
3233 4878 3282 4922 of

818 4933 1085 4980 Colewelle.
1108 4932 1372 4981 parochia.
1399 4933 1494 4976 and
1519 4935 1656 4976 other
1689 4934 1862 4976 words.
