3619 5868
799 512 880 573 62
1284 605 1288 609 .
1448 513 1803 592 Reqistrum
1861 515 2079 575 Thoona
2132 516 2205 575 de
2291 517 2622 595 Cantilupo

804 736 1066 808 tenuris,
1125 737 1376 799 racione
1431 744 1494 797 et
1547 737 1686 816 jure
1741 739 2025 800 Ecclesia
2080 759 2192 800 sue
2236 742 2536 825 predicte,
2592 762 2708 803 nec
2748 743 2948 804 eciam
2992 744 3267 823 aliquam

809 840 1070 901 liberam
1101 842 1401 904 Chaciam
1447 862 1568 921 que
1613 843 1730 904 fuit
1773 844 2195 922 predictorum
2240 846 2747 924 predecessorum
2792 848 2989 927 ipsius
3022 849 3261 909 Thome

805 946 1106 1027 Episcopi
1148 948 1570 1027 appropriavit
1611 968 1726 1009 nec
1769 949 2001 1009 foreste
2030 969 2141 1010 sue
2170 950 2447 1011 attraxit.
2536 952 2623 1011 Et
2658 952 2826 1031 quod
2854 952 2947 1013 ita
2976 954 3059 1013 sit
3088 954 3264 1031 ponit

808 1072 878 1113 se
919 1072 1108 1132 super
1147 1053 1440 1131 patriam,
1473 1063 1594 1114 etc.
1681 1055 1768 1115 Et
1813 1055 2169 1134 Episcopus
2210 1056 2362 1116 dicit
2400 1056 2570 1135 quod
2610 1058 2745 1136 ipse
2784 1058 3015 1119 habere
3058 1058 3263 1131 debet,

805 1163 870 1219 et
939 1160 1410 1237 predecessores
1479 1162 1575 1222 sui
1645 1161 1877 1223 habere
1946 1168 2425 1235 consueverunt,
2492 1164 2742 1224 racione
2808 1165 3091 1225 Ecclesie
3154 1184 3267 1227 sue

803 1267 1102 1345 predicte,
1154 1266 1413 1327 liberam
1473 1268 1774 1329 Chaciam
1831 1269 1896 1329 in
1953 1270 2251 1348 predictis
2306 1270 2548 1331 tenuris
2602 1270 2685 1331 ad
2739 1270 2952 1331 omnia
3008 1291 3129 1351 que
3184 1272 3263 1333 ad

804 1371 1064 1433 liberam
1137 1373 1438 1435 Chaciam
1505 1374 1845 1453 pertinent,
1911 1382 1975 1435 et
2044 1376 2211 1453 quod
2278 1376 2601 1455 predictus
2670 1376 2895 1437 Comes
2966 1378 3267 1439 Chaciam

805 1497 919 1539 suo
983 1484 1263 1558 tempore
1327 1479 1446 1540 sibi
1501 1480 1923 1559 appropriavit
1978 1487 2040 1541 et
2110 1481 2340 1542 foreste
2396 1501 2508 1542 sue
2564 1482 2850 1553 attraxit,
2894 1488 2957 1543 et
3014 1483 3091 1545 de
3149 1484 3265 1545 hoc

807 1587 986 1664 ponit
1024 1605 1090 1646 se
1131 1606 1318 1665 super
1355 1588 1644 1665 patriam.
1731 1587 1885 1648 Ideo
1913 1596 2279 1667 preceptum
2322 1595 2418 1649 est
2460 1589 2826 1651 Vicecomiti
2859 1590 3029 1669 quod
3056 1592 3263 1652 venire

808 1692 1000 1752 faciat
1052 1712 1089 1752 a
1137 1693 1236 1753 die
1296 1694 1541 1754 Pasche
1597 1694 1660 1753 in
1713 1704 1841 1755 tres
1890 1696 2300 1774 septimanas,
2352 1696 2707 1775 ubicunque
2762 1702 2907 1769 etc„
2962 1698 3069 1776 xij,
3121 1703 3261 1768 etc..

805 1817 916 1878 per
983 1818 1162 1879 quos,
1235 1806 1353 1860 etc.
1467 1801 1555 1860 Et
1623 1800 1730 1879 qui
1799 1820 1935 1872 nec,
2008 1811 2153 1870 etc..
2226 1800 2307 1862 ad
2366 1801 2857 1880 recognicionem
2928 1803 2995 1861 in
3064 1802 3263 1864 forma

805 1906 1106 1985 predicta.
1222 1906 1344 1982 Qui
1395 1912 1548 1977 tam,
1607 1913 1726 1967 etc.
1842 1907 2073 1968 Postea
2126 1917 2437 1969 venerunt
2492 1907 2755 1986 predicti
2810 1908 3167 1986 Episcopus
3202 1914 3263 1969 et

811 2010 1041 2072 Comes
1095 2031 1307 2072 coram
1366 2012 1640 2073 Domino
1697 2012 1885 2090 Rege,
1930 2018 1993 2072 et
2050 2013 2113 2072 in
2168 2012 2495 2091 presencia
2544 2012 2739 2091 ipsius
2782 2012 3041 2071 Domini
3084 2014 3265 2091 Regis

805 2119 1164 2179 concordati
1209 2126 1358 2179 sunt
1403 2119 1468 2179 in
1524 2119 1726 2179 forma
1777 2138 1901 2197 que
1958 2118 2317 2179 continetur
2355 2119 2421 2178 in
2466 2120 2741 2199 quadam
2790 2118 3033 2189 cedula,
3080 2139 3264 2199 quam

811 2225 1125 2285 Dominus
1182 2226 1317 2286 Rex
1364 2225 1534 2285 misit
1589 2224 1860 2285 Radulfo
1901 2225 1980 2284 de
2034 2224 2371 2302 Hengham
2415 2232 2479 2284 et
2523 2224 2803 2284 Waltero
2852 2224 2930 2284 de
2988 2224 3262 2302 Helyun‚

807 2330 1206 2402 Justiciariis,
1271 2332 1338 2391 in
1399 2332 1516 2391 hec
1565 2331 1774 2402 verba,
1834 2331 1925 2391 Le
1995 2331 2243 2393 Eveske
2314 2331 2391 2391 de
2464 2330 2774 2391 Hereford
2830 2350 2863 2391 e
2928 2331 2988 2390 le
3062 2332 3261 2392 Cunte

805 2436 886 2497 de
958 2437 1327 2498 Gloucestre
1397 2442 1546 2497 sunt
1615 2436 1937 2507 accordez,
2010 2443 2129 2496 etc.
2207 2438 2284 2514 (v.
2336 2456 2398 2515 p.
2470 2438 2596 2511 59).
2724 2436 2830 2517 Et·
2877 2441 3101 2514 postea
3168 2435 3261 2496 die

812 2542 1042 2603 Martis
1084 2542 1368 2621 proximo
1411 2548 1557 2621 post
1602 2542 2000 2602 Dominicam
2042 2542 2109 2601 in
2153 2542 2373 2602 Bamis
2421 2541 2805 2609 Palmarum,
2850 2560 3019 2600 anno
3065 2549 3259 2611 sext0,

807 2646 977 2725 apud
1037 2646 1372 2724 Wyndiate
1441 2666 1632 2725 supra
1701 2654 1951 2706 montes
2021 2646 2387 2717 Malvernie,
2440 2652 2747 2706 venerunt
2813 2644 3141 2706 Johannes
3208 2646 3262 2706 le

807 2751 1130 2831 Estormy‚
1177 2752 1496 2813 Galfridus
1541 2752 1618 2812 de
1667 2752 1897 2829 Apetot
1948 2751 2024 2812 de
2072 2751 2430 2830 Hyndelep,
2477 2750 2789 2811 Robertus
2830 2751 2908 2811 de
2950 2752 3015 2811 la
3052 2751 3259 2830 Folye,

808 2858 1116 2920 Ricardus
1159 2858 1236 2920 de
1281 2860 1470 2920 Munt
1509 2860 1726 2931 vitun,
1760 2859 2067 2919 Radulius
2096 2859 2317 2938 Bulge,
2348 2864 2410 2918 et
2440 2858 2637 2919 Adam
2684 2857 2762 2919 de
2808 2857 3257 2937 Croppethorn‚

804 2964 884 3025 de
913 2966 1236 3027 Comitatu
1265 2967 1625 3047 Wygornie,
1659 2967 1963 3028 Osbertus
1992 2967 2069 3028 de
2099 2967 2453 3044 Avenbury,
2500 2967 2779 3044 Roget-us
2820 2967 2878 3026 le
2924 2965 3256 3035 Arblaster‚

807 3072 1124 3135 Henricus
1195 3075 1272 3134 de
1355 3074 1748 3146 Hetefordia,
1822 3073 2147 3134 Johannes
2226 3073 2303 3133 de
2391 3073 2725 3152 Maurdyn,
2793 3072 3119 3133 Johannes
3186 3069 3257 3130 de

809 3177 1277 3256 Sweynestone,
1336 3186 1398 3240 et
1450 3180 1769 3240 Walterus
1826 3181 1903 3240 de
1964 3179 2306 3251 Monitone,
2359 3179 2436 3238 de
2496 3179 2816 3240 Comitatu
2874 3175 3253 3247 Herefordie‚

808 3285 1024 3363 jurati,
1069 3287 1176 3366 qui
1220 3286 1438 3346 dicunt
1485 3306 1596 3365 per
1640 3295 2107 3347 sacramentum
2153 3305 2335 3346 suum
2379 3285 2546 3364 quod
2586 3284 2867 3362 predicta
2910 3283 3146 3344 Chacia
3184 3281 3257 3342 de

808 3390 1138 3452 Colewelle
1181 3397 1244 3452 et
1287 3393 1642 3452 Estenoure
1683 3399 1780 3453 est
1825 3392 2020 3451 libera
2064 3390 2300 3451 Chacia
2328 3391 2479 3451 dicti
2508 3389 2807 3469 Episcopi
2833 3390 3153 3467 pertinens
3180 3386 3255 3446 ad

807 3497 1160 3558 Ecclesiam
1215 3517 1398 3560 suam
1447 3499 1813 3577 predictam,
1858 3505 1922 3558 et
1966 3497 2131 3577 quod
2173 3497 2491 3575 predictus
2534 3497 2759 3558 Comes
2802 3515 2929 3555 non
2972 3494 3155 3554 debet
3192 3493 3254 3552 in

805 3622 882 3664 ea
939 3603 1242 3665 chaciare.
1335 3605 1422 3664 Et
1475 3604 1616 3664 ideo
1672 3603 2138 3664 consideratum
2187 3613 2285 3663 est
2337 3602 2504 3682 quod
2551 3602 2869 3683 predictus
2912 3601 3253 3678 Episcopus

807 3715 1132 3788 recuperet
1187 3708 1532 3787 predictam
1579 3709 1881 3770 Chaciam
1932 3708 2189 3768 liberam
2244 3707 2359 3767 sibi
2405 3715 2467 3768 et
2516 3707 2979 3768 successoribus
3028 3706 3155 3767 suis
3194 3710 3251 3764 et

807 3813 1090 3874 Ecclesie
1131 3815 1428 3894 predicte,
1461 3813 1697 3894 absque
1740 3814 1859 3873 hoc
1900 3814 2066 3893 quod
2110 3813 2431 3893 predictus
2474 3814 2700 3876 Comes
2743 3815 2840 3876 vel
2875 3814 3137 3874 heredes
3162 3811 3252 3874 sui

804 3937 1108 4000 umquam
1157 3919 1222 3979 in
1272 3939 1348 3980 ea
1397 3919 1685 3979 chaciare
1735 3919 2027 3978 debeant.
2122 3919 2209 3978 Et
2262 3919 2485 3980 Comes
2534 3920 2599 3979 in
2648 3919 3075 3981 misericordia
3122 3938 3250 3999 par-

804 4025 1076 4085 donatur
1117 4043 1227 4104 per
1276 4024 1620 4085 Dominum
1669 4025 1923 4102 Regem.
2012 4024 2097 4083 Et
2150 4024 2473 4084 sciendum
2522 4025 2693 4103 quod
2740 4025 2972 4098 brevia,
3019 4024 3247 4096 cedula,

805 4132 1126 4212 panellum
1171 4130 1568 4192 invenientur
1609 4130 1776 4190 inter
1822 4130 2034 4191 brevia
2078 4129 2155 4190 de
2200 4129 2519 4208 quindena
2561 4131 2827 4202 Pasche,
2872 4151 3039 4191 auno
3086 4135 3252 4191 sexto

804 4238 995 4316 Regis
1024 4235 1344 4298 Edwardi.
