3619 5868
79 2110 188 2152 Fol.
217 2113 283 2152 52.

1206 501 1509 583 Episcopi
1560 501 2044 582 Heresordemis.
2738 504 2854 564 181

397 745 590 806 quam
644 726 799 788 facis
853 725 1295 789 executoribus
1353 726 1722 787 testamenti
1778 727 2042 805 predicti
2086 726 2383 806 Episcopi
2427 746 2539 806 pro
2580 727 2863 805 predicto

398 832 610 893 debito
666 851 886 912 pacem
943 832 1173 893 habere
1229 833 1630 912 permittatis,
1676 843 1739 893 et
1789 831 2275 904 districcionem,
2322 833 2376 894 si
2416 852 2608 913 quam
2651 833 2744 893 eis
2786 849 2864 894 ea

398 939 728 1001 occasione
796 939 1040 1009 feceris,
1111 939 1246 1000 sine
1315 938 1623 1000 dilacione
1692 940 1934 1001 relaxes
1997 939 2255 1000 eisdem.
2369 939 2558 1000 Teste
2618 939 2720 999 W.
2782 939 2861 998 de

399 1044 730 1106 Carletone
786 1045 952 1124 apud
1003 1044 1658 1117 westmonasterium,
1712 1044 1797 1123 xij
1857 1045 1959 1105 die
2018 1045 2405 1117 Decembris,
2465 1064 2632 1106 anno
2688 1044 2865 1123 regni

398 1152 596 1212 nostri
635 1151 858 1230 primo.
946 1151 1068 1211 Per
1107 1170 1406 1230 magnum
1451 1152 1728 1212 rotulum
1769 1152 1848 1212 de
1892 1170 2060 1212 anno
2102 1171 2268 1212 xxxv
2304 1152 2495 1231 Regis
2537 1150 2861 1222 Edwardi,

397 1257 599 1337 patris
639 1257 829 1337 Regis
871 1256 1082 1335 hujus.

401 1527 562 1588 June
606 1529 704 1598 14,
756 1524 1190 1587 1278.—Wn·t
1249 1533 1308 1588 to
1365 1526 1464 1587 the
1511 1527 1751 1588 Barons
1793 1527 1865 1602 of
1914 1526 2012 1586 the
2060 1525 2442 1606 Exchequcr,
2490 1525 2863 1603 imtructinq

645 1607 808 1667 them
873 1607 1010 1668 that
1063 1609 1236 1686 from
1306 1607 1402 1667 the
1471 1615 1608 1668 rent
1679 1614 1738 1668 to
1804 1606 1871 1666 be
1934 1607 2092 1687 paid
2162 1605 2237 1683 by
2310 1605 2409 1667 the
2481 1606 2664 1666 Prior
2732 1605 2861 1666 and

652 1686 919 1748 Warden
998 1688 1068 1766 of
1111 1687 1210 1749 the
1257 1688 1666 1766 Hospitallers
1705 1689 1817 1766 for
1864 1687 2383 1766 Northpctherton
2430 1691 2513 1764 (υ.
2578 1694 2755 1764 entry
2796 1687 2869 1763 of

646 1770 808 1830 June
855 1773 926 1846 4)
972 1771 1072 1830 2⁶³7
1121 1775 1250 1830 15³.
1303 1769 1482 1848 ΙΟῇἆ.
1541 1769 1762 1830 should
1803 1768 1872 1829 be
1920 1767 2235 1838 deducted,
2285 1787 2356 1829 as
2418 1768 2535 1828 cisae
2588 1775 2647 1828 to
2689 1767 2859 1828 Daca

645 1850 865 1991 Ιῗὲῃεὲ,
905 1849 1127 2009 ῘιιυΟΡίἀοω
1169 1851 1239 1928 os
1278 1849 1494 1930 Philip
1544 1850 1616 1910 de
1665 1849 1921 1927 Earley,
1969 1849 2097 1910 and
2152 1849 2250 1909 the
2305 1848 2546 1910 residue
2595 1847 2754 1928 paid
2798 1855 2859 1909 to

647 1939 671 1991 t
846 1930 900 1991 is
1029 1976 1042 1991 .

564 2085 1340 2147 NoRumRmonn.——Rex
1410 2084 1766 2146 Baronibus
1836 2083 1967 2146 suis
2036 2085 2116 2146 de
2182 2085 2511 2146 Scaccario
2568 2084 2863 2163 salutem.

402 2191 562 2253 Cum
630 2211 742 2270 per
810 2191 999 2251 finem
1071 2189 1485 2251 ducentarum
1556 2190 1858 2252 librarum
1929 2210 2116 2270 quem
2187 2189 2581 2252 Venerabilis
2651 2190 2864 2263 Pater,

401 2297 698 2368 Thomas,
763 2296 1248 2356 Herefordensis
1307 2295 1680 2375 Episcopus,
1746 2296 1896 2357 fecit
1960 2296 2307 2368 nobiscum,
2367 2296 2865 2358 concesserimus

399 2404 606 2465 eidem
660 2403 977 2482 Episcopo
1032 2402 1386 2463 custodiam
1445 2410 1754 2463 terrarum
1805 2409 1866 2463 et
1912 2402 2213 2464 heredum
2257 2401 2533 2482 Philippi
2575 2402 2654 2463 de
2697 2402 2865 2474 Arle,

401 2515 562 2581 etc.;
624 2527 699 2568 ac
754 2506 1016 2586 prefatis
1073 2506 1274 2567 Priori
1329 2511 1392 2567 et
1453 2507 1721 2567 Ricardo
1779 2506 2258 2578 subtrahantur,
2319 2526 2431 2586 per
2496 2511 2864 2586 preceptum

399 2621 710 2687 nostrum,
773 2613 852 2674 de
905 2613 1088 2674 firma
1142 2613 1423 2692 predicta
1480 2613 1569 2691 iiij
1587 2613 1650 2673 li.
1707 2612 1836 2672 ixs.
1895 2613 1937 2692 ij
1953 2613 2014 2674 d.
2074 2612 2176 2673 ob.
2232 2631 2347 2691 pro
2403 2613 2577 2673 Dace
2632 2612 2864 2690 Royse,

397 2741 522 2803 que
574 2722 692 2783 fuit
749 2741 909 2782 uxor
963 2720 1226 2800 predicti
1282 2719 1576 2799 Philippi,
1623 2739 1697 2780 ex
1752 2729 1935 2799 parte
1998 2740 2145 2791 una,
2198 2726 2261 2781 et
2316 2720 2593 2800 quinque
2652 2737 2866 2779 marce

399 2829 716 2907 assignate
783 2827 987 2888 eidem
1064 2827 1274 2906 Royse
1332 2845 1444 2905 pro
1498 2826 1889 2886 incremento
1960 2830 2214 2887 extante
2284 2825 2547 2906 predicti
2599 2824 2864 2886 manerii

398 2954 476 2997 ex
535 2934 777 3006 altera;
836 2933 930 2995 ita
1005 2931 1174 3013 quod
1249 2932 1512 3012 predicti
1584 2931 1762 2993 Prior
1830 2938 1896 2994 et
1963 2931 2273 2993 Ricardus
2353 2931 2601 2993 solvant
2684 2928 2869 2992 nobis

399 3040 480 3101 ad
545 3039 940 3101 Scaccarium
1006 3038 1356 3117 predictum
1421 3038 1739 3099 residuum
1799 3038 2223 3117 predictarum
2285 3037 2505 3117 viginti
2560 3041 2624 3097 et
2678 3035 2869 3098 unius

397 3147 721 3219 librarum,
792 3144 1084 3206 videlicet
1154 3143 1261 3223 xiij
1277 3144 1341 3204 li.
1402 3143 1490 3223 iiij
1508 3164 1558 3205 s.
1630 3143 1695 3222 iij
1713 3145 1798 3205 d.¹
1854 3144 2155 3214 obolum;
2235 3142 2415 3205 vobis
2489 3142 2869 3204 mandamus

397 3251 567 3333 quod
611 3250 932 3331 predictos
982 3250 1265 3311 Priorem
1315 3256 1378 3310 et
1427 3250 1768 3311 Ricardum
1820 3248 2135 3330 predictas
2179 3249 2287 3328 xiij
2303 3248 2367 3309 li.
2413 3249 2569 3328 iiiJ‘s.
2615 3259 2679 3309 et
2721 3248 2787 3327 iij
2804 3248 2865 3309 d.

397 3358 650 3418 obolum
706 3356 950 3435 prefato
1005 3355 1324 3435 Episcopo
1379 3356 1638 3421 solvere.
1699 3361 1774 3415 et·
1821 3354 1877 3415 ei
1932 3354 2079 3415 inde
2126 3374 2325 3434 usque
2385 3354 2465 3415 ad
2522 3353 2868 3433 legitimam

397 3470 632 3525 etatem
689 3462 991 3523 heredum
1049 3462 1472 3541 predictorum
1531 3461 1858 3522 intendere
1912 3466 1975 3521 et
2031 3459 2427 3538 respondere,
2489 3464 2553 3520 et
2614 3458 2868 3519 eosdem

397 3570 678 3630 Priorem
728 3574 792 3629 et
842 3568 1185 3628 Ricardum
1235 3566 1380 3627 inde
1437 3567 1682 3646 quietos
1738 3584 1919 3637 esse;
1982 3570 2045 3627 et
2098 3566 2435 3647 quicquam
2496 3565 2575 3625 de
2622 3563 2873 3645 prefata

395 3674 580 3735 firma
637 3674 717 3735 ad
772 3692 932 3752 opus
988 3680 1274 3734 nostrum
1336 3691 1375 3732 a
1429 3672 1692 3752 prefatis
1742 3672 1958 3733 Priore
2016 3679 2081 3732 et
2139 3670 2433 3745 Ricardo,
2492 3690 2531 3732 a
2586 3678 2869 3749 tempore

399 3778 823 3841 concessionis
873 3788 1088 3839 nostre
1129 3776 1374 3857 prefato
1424 3776 1740 3856 Episcopo
1781 3777 1965 3849 facte,
2010 3776 2390 3856 receperitis,
2436 3776 2640 3837 eidem
2681 3776 2869 3854 Epis-

399 3905 557 3966 copo
611 3885 677 3946 in
731 3884 1015 3965 predicto
1071 3884 1196 3944 fine
1253 3883 1528 3956 auocari,
1603 3890 1667 3944 et
1730 3884 1821 3944 sic
1878 3883 2012 3943 fieri
2076 3889 2139 3943 et
2204 3881 2530 3944 inrotulari
2598 3882 2869 3944 faciatis.

399 3992 588 4053 'I'este
641 3991 882 4070 meipso
935 3990 1102 4069 apud
1165 3990 1825 4061 westmonasterium,
1879 3989 2007 4067 xiiij
2068 3988 2168 4049 die
2224 3988 2265 4049 J
2269 3989 2421 4062 unii,
2480 4008 2649 4049 anno
2696 3988 2871 4067 regni

401 4096 598 4158 nostri
640 4101 841 4157 sexto.

405 4386 568 4447 June
627 4382 1110 4444 17.—Mandate
1175 4388 1234 4442 to
1309 4381 1606 4453 Richard,
1672 4381 1941 4443 Warden
1992 4381 2061 4459 os
2112 4381 2210 4441 the
2294 4380 2586 4460 Hospita]
2633 4379 2706 4458 os
2775 4380 2866 4441 St.

648 4464 816 4526 John
855 4465 926 4541 os
965 4462 1313 4525 Jerusalem
1365 4469 1434 4523 at
1480 4461 1827 4533 Buckland,
1874 4460 2173 4541 directinq
2220 4469 2517 4541 paymcnt
2564 4480 2635 4523 as
2685 4460 2871 4523 above

650 4552 711 4606 ιο
755 4544 853 4605 the
893 4542 1150 4623 Bishop.

571 4700 1577 4771 NoRrPnanmonn.—Edwardus,
1625 4707 1770 4770 etc„
1816 4699 1995 4761 fratri
2034 4698 2327 4771 Ricardo,
2400 4697 2663 4759 Custodi
2706 4698 2872 4759 Hos-

407 4808 620 4890 pitalis
685 4806 903 4869 Sancti
965 4806 1006 4866 J
1009 4805 1280 4866 ohannis
1342 4805 1691 4866 Jerusalem
1756 4804 1836 4866 de
1899 4803 2251 4877 Boklande,
2316 4802 2608 4863 salutem.
2712 4802 2877 4863 Cum

559 4942 746 4985 l—‘l'hls
769 4940 940 4985 should
967 4940 1024 4983 be
1051 4939 1119 4982 ld.
1170 4940 1270 4983 The
1293 4950 1402 4983 sum
1429 4940 1472 4981 ia
1497 4938 1660 4983 stated
1685 4939 1863 4988 rightly
1888 4939 1937 4981 ln
1962 4939 2047 4981 the
2071 4939 2210 4982 close
2238 4938 2381 4985 nous.
2408 4938 2521 4985 July
2546 4940 2585 4985 4.
2616 4939 2729 4980 1278.
