3619 5868
490 4049 588 4093 1²01.
615 4052 680 4091 33.

812 533 930 595 106
1293 602 1297 606 ,
1443 534 1799 613 Regi-strum
1856 535 2076 597 Thome
2128 535 2202 597 de
2262 536 2595 617 Cantilupo

809 782 934 844 The
989 783 1275 862 Bishop’s
1330 785 1551 863 appeal
1605 791 1664 846 ιο
1721 785 1820 845 the
1874 785 2036 864 Pope
2092 792 2151 846 ιο
2198 785 2456 864 appoint
2512 786 2741 864 Judqes
2800 793 2859 847 ιο
2913 786 3125 848 decide
3167 786 3271 847 his

1047 864 1178 924 suit
1215 864 1464 942 ayainst
1505 865 1603 927 the
1657 873 1961 927 executor-3
2001 866 2071 945 of
2109 867 2384 945 G‘eoffrey
2412 866 2485 927 de
2530 867 2830 946 Goberley,
2864 867 2997 928 who
3023 867 3273 947 refused

1050 951 1109 1005 ιο
1141 965 1270 1024 pay
1322 945 1452 1005 him
1489 967 1532 1006 a
1583 946 1722 1006 debt
1762 948 1834 1026 of
1882 947 1980 1007 the
2033 947 2332 1017 deceased,
2390 947 2517 1008 and
2570 947 2818 1026 against
2875 948 2972 1008 the
3026 948 3272 1028 Bishop

1047 1026 1118 1105 of
1159 1026 1484 1087 Worcester
1521 1027 1654 1088 who
1699 1027 1808 1088 has
1850 1028 2259 1107 sequestrated
2302 1027 2399 1089 the
2438 1035 2627 1089 estate
2666 1029 2738 1108 of
2772 1029 2870 1089 the
2910 1029 3217 1090 deceased.

967 1184 1364 1245 Pm1o1onns
1439 1185 1703 1246 Con‘rm
1779 1185 1838 1246 G
1858 1187 2240 1264 [Ammona]
2262 1232 2276 1257 ,
2352 1185 2716 1246 Bacmosnu
2790 1203 3109 1247 noemam
3180 1205 3277 1246 nn

729 1336 742 1348 .
802 1289 1172 1350 Kaunsssn:
1215 1309 1300 1350 m·
1340 1291 1953 1371 Amos—Significat
1990 1291 2324 1353 Sanctitati
2352 1297 2559 1354 vestre
2586 1292 2877 1364 Thomas,
2908 1293 3271 1373 Episcopus

800 1393 1300 1466 Herefordensis,
1344 1396 1529 1476 quod,
1571 1397 1718 1458 licet
1771 1397 2069 1476 magister
2119 1396 2439 1458 Galfridus
2490 1397 2568 1458 de
2620 1397 2976 1477 Ooberleye,
3032 1398 3269 1459 Rector

796 1502 1058 1562 ecclesie
1113 1502 1190 1562 de
1247 1502 1630 1582 Hamptone,
1675 1502 2151 1583 Wygornie'nsis
2201 1503 2486 1575 diocesis,
2541 1503 2607 1562 in
2659 1505 2930 1584 quadam
2980 1505 3271 1583 pecunie²

797 1627 1046 1669 summa
1079 1608 1281 1668 eidem
1315 1613 1634 1669 teneretur
1669 1609 1875 1688 quoad
1912 1609 2084 1680 vixit,
2124 1609 2415 1670 dominus
2453 1609 2772 1670 Galfridus
2810 1609 2887 1670 de
2924 1609 3268 1688 Rynweye,

799 1713 1030 1774 Rector
1089 1713 1348 1776 ecclesie
1410 1715 1488 1775 de
1551 1713 1917 1793 Kemeseye,
1976 1719 2043 1774 et
2104 1714 2208 1774 alii
2270 1719 2631 1776 executores
2688 1715 3054 1775 testamenti
3110 1715 3267 1775 dicti

797 1820 1094 1892 defuncti,
1147 1821 1428 1900 ejusdem
1479 1821 1763 1893 dionesie,
1807 1842 1882 1882 ac
1932 1821 2215 1902 ejusdem
2266 1821 2387 1882 loci
2445 1821 2818 1902 Episcopus,
2877 1841 3263 1902 quamquam

795 1926 959 1988 bona
999 1926 1198 2006 ipsius
1239 1927 1518 1989 defuncti
1559 1928 1638 1988 ad
1679 1928 1797 1989 hec
1838 1928 2168 1998 sufficiant,
2198 1929 2265 1986 in
2305 1928 2634 1989 retinendo
2674 1927 2909 1989 dictam
2946 1947 3267 1988 summam

795 2032 1060 2112 pecunie
1100 2032 1479 2112 injuriantur
1518 2033 1740 2094 eidem.
1846 2034 2111 2113 Propter
2151 2033 2319 2113 quod
2357 2034 2538 2113 petit,
2589 2033 2826 2094 vocatis
2875 2033 2983 2113 qui
3034 2033 3269 2093 fuerint

795 2135 1116 2207 evocandi,
1160 2136 1278 2198 sibi
1319 2137 1637 2216 justiciam
1678 2137 1995 2228 exhiberi.s
2058 2139 2146 2198 Et
2183 2138 2343 2218 petit
2385 2138 2427 2199 J
2428 2138 2661 2200 udices.

962 2269 1302 2348 Significat,
1345 2276 1418 2332 ut
1459 2290 1665 2351 supra,
1709 2271 1877 2352 quod
1918 2271 2210 2332 dominus
2253 2271 2589 2343 Galfridus,
2632 2278 2771 2343 etc„
2815 2272 3053 2333 dictam
3095 2293 3263 2333 sum-

795 2394 966 2434 mam
1021 2375 1257 2454 injuste
1319 2375 1558 2437 solvere
1615 2377 2055 2438 contradicunt
2109 2378 2439 2438 laudantes
2494 2377 2929 2439 Venerabilem
2987 2378 3260 2448 Patrem,

797 2480 1138 2542 Dominum
1179 2482 1700 2562 Wygorniensem
1739 2483 2145 2564 Episcopum,
2184 2504 2296 2545 sue
2329 2483 2708 2544 retencionis
2742 2488 3083 2554 auctorem,
3117 2484 3264 2544 licet

795 2587 962 2649 idem
1031 2587 1384 2669 Episcopus
1452 2588 1690 2649 nullam
1755 2589 1994 2668 justam
2062 2609 2317 2652 causam
2388 2589 2617 2650 habeat
2691 2589 2925 2649 dictam
2996 2589 3261 2668 pecunie

795 2714 1109 2756 summam
1149 2694 1478 2756 retinendi.
1564 2695 1750 2758 Unde
1791 2695 1953 2775 petit
1994 2695 2035 2756 J
2037 2695 2269 2766 udices,
2312 2702 2431 2756 etc.

959 2825 1039 2885 In
1078 2825 1307 2887 litteris
1348 2826 1488 2888 istis
1532 2825 1944 2906 impetrandis
1986 2827 2330 2906 jungantur
2372 2833 2733 2888 executores
2777 2831 2841 2886 et
2886 2826 3259 2906 Episcopus,

795 2931 849 2994 si
890 2952 1016 3013 quo
1057 2932 1242 2993 modo
1283 2931 1418 2994 fieri
1458 2939 1686 3013 potest,
1729 2933 1821 2993 ita
1861 2933 2029 3014 quod
2069 2940 2203 2995 tam
2243 2940 2605 2995 executores
2646 2953 2836 3013 quam
2878 2931 3251 3014 EpiscopuS,

798 3037 853 3099 si
903 3058 1159 3099 necesse
1209 3038 1413 3109 fuerit,
1457 3059 1570 3119 per
1617 3040 1871 3101 easdem
1922 3039 2165 3101 litteras
2215 3046 2475 3120 possent
2527 3040 2862 3101 conveniri.
2964 3040 3258 3121 Alioquin

793 3145 1165 3225 impetretur
1205 3150 1426 3206 contra
1464 3150 1827 3207 executores
1868 3146 2205 3225 separatim
2243 3167 2431 3225 super
2468 3146 2677 3208 debito
2716 3146 2949 3226 injuste
2992 3153 3256 3219 retento,

796 3256 870 3311 ut
909 3270 1115 3329 supra.
1201 3250 1287 3310 Et
1329 3250 1698 3330 impetretur
1738 3252 1862 3312 alia
1902 3252 2113 3313 littera
2144 3259 2363 3314 contra
2390 3252 2779 3332 Episcopum
2807 3271 2997 3332 super
3024 3252 3261 3332 injusta

797 3356 1300 3436 sequestracione
1342 3356 1493 3417 dicti
1533 3356 1745 3428 debiti,
1775 3358 2123 3419 seeundum
2163 3358 2429 3419 formam
2469 3357 2801 3438 peticionis
2842 3358 3258 3439 infrascripto.

961 3485 1301 3566 Significat,
1345 3492 1416 3547 ut
1457 3506 1664 3565 supra,
1714 3488 1900 3568 quod,
1950 3506 2096 3548 cum
2144 3487 2435 3549 dminus
2484 3488 2821 3559 Galfridus,
2864 3494 3005 3559 etc„
3057 3488 3257 3549 Vene-

795 3591 1008 3653 rabilis
1056 3592 1262 3663 Pater‚
1311 3592 1624 3654 Dominus
1672 3593 2149 3673 Wygorniensis
2191 3594 2563 3673 Episcopus,
2605 3594 2951 3673 predictam
2992 3594 3259 3673 pecunie

796 3718 1108 3759 summam
1160 3698 1226 3757 in
1277 3718 1428 3759 casu
1479 3719 1518 3758 a
1565 3700 1703 3778 jure
1754 3719 1883 3760 non
1934 3699 2239 3779 permisso
2292 3700 2725 3780 sequestravit,
2768 3703 2832 3761 et
2884 3698 3091 3761 adhuc
3144 3700 3259 3761 sub

795 3808 933 3865 arto
972 3803 1202 3865 retinet
1245 3808 1586 3883 sequestro,
1636 3804 1703 3863 in
1751 3804 1950 3884 ipsius
2006 3806 2214 3866 anime
2267 3805 2546 3867 defuncti
2602 3805 2950 3885 periculum
2998 3811 3064 3866 et
3106 3805 3254 3866 dicti

797 3908 1279 3970 Herefordensis
1319 3909 1618 3989 Episcopi
1665 3910 2081 3989 prejudicium
2136 3930 2264 3971 non
2306 3910 2622 3973 modicum
2662 3910 2897 3991 pariter
2937 3916 3001 3971 et
3042 3929 3251 3990 grava-

795 4033 960 4075 men.
1045 4014 1232 4076 Unde
1273 4015 1434 4094 petit
1473 4014 1748 4087 Judices,
1792 4021 1912 4076 etc.

796 4384 950 4446 Nov.
983 4383 1555 4463 8.—Appointment
1586 4384 1658 4455 of
1678 4383 1849 4445 John
1884 4384 1959 4446 de
2000 4384 2237 4446 Becclcs
2279 4384 2406 4444 and
2448 4382 2615 4445 John
2654 4383 2849 4445 called
2892 4382 2992 4445 the
3028 4383 3249 4445 Welsh-

1036 4485 1184 4525 man
1221 4485 1292 4525 as
1336 4464 1434 4525 the
1475 4464 1760 4544 Bishop’s
1802 4466 2085 4527 Proctors
2128 4472 2196 4526 αι
2238 4464 2335 4526 the
2380 4465 2570 4527 Gourt
2609 4466 2680 4545 os
2719 4464 2925 4526 Rome.

972 4624 1961 4685 Pnocuna‘romuu.—-Noverint
2040 4624 2316 4686 universi
2408 4624 2575 4705 quod
2668 4624 2747 4684 ad
2828 4623 3249 4703 impetrandas

791 4732 1036 4793 litteras
1097 4730 1163 4789 in
1227 4730 1413 4791 Curia
1472 4730 1761 4791 Romana
1815 4737 2035 4793 contra
2088 4730 2523 4792 Venerabilem
2577 4730 2850 4801 Patrem,
2908 4730 3249 4790 Dominum

793 4836 1314 4916 Wygorniensem
1369 4836 1772 4916 Episcopum,
1830 4841 1895 4897 et
1950 4834 2296 4897 Dominum
2344 4835 2696 4897 Galfridum
2743 4835 2822 4896 de
2868 4835 3246 4915 Ryndweym

1577 4972 1704 5013 1—1n
1731 4972 1851 5014 us.
1874 4970 2112 5019 peccam
2159 4971 2468 5028 throughout.
