3619 5868
791 515 874 575 22
1453 514 1809 593 Reqistrum
1865 514 2084 575 Thomc
2136 514 2210 575 dc
2268 514 2599 594 Cantibupo

791 738 947 799 Nov.
989 740 1367 800 4.—G-rants
1407 760 1442 800 o
1503 738 1792 818 pensione
1835 740 1905 812 of
1941 746 2159 817 twenty
2203 746 2261 799 to
2290 740 2464 817 for-ty
2496 738 2785 817 shillinys
2828 747 2887 800 to
2928 740 3133 801 Hamo
3174 741 3251 802 dc

1037 820 1102 881 la
1141 822 1354 892 Bao-re,
1459 820 1566 879 Ian
1617 819 1692 880 de
1740 819 2167 897 Walkynham,
2218 819 2499 880 William
2536 820 2610 881 de
2668 821 2881 891 Stowe,
2933 821 3137 881 Adam
3174 822 3250 884 dc

1035 900 1324 1043 ἓὲἆωεῗω,
1394 900 1522 960 and
1591 900 1758 961 John
1817 900 1891 960 de
1952 900 2303 979 Houqhton,
2366 900 2682 961 advocates
2744 901 2815 980 of
2870 902 2969 961 the
3028 902 3251 981 Kinq's

959 1111 1065 1171 Dn
1099 1111 1608 1173 Nummi-omnus
1641 1130 1711 1172 m
1744 1111 2369 1174 nauca-Omnibus
2402 1111 2638 1175 Christi
2670 1113 2961 1174 fidelibus
2992 1133 3257 1193 presens

791 1219 1098 1297 seriptum
1145 1218 1372 1280 visuris
1424 1218 1526 1279 vel
1573 1218 1886 1280 audituris
1934 1219 2231 1292 Thomas,
2282 1224 2404 1280 etc.
2512 1220 2830 1281 Noveritis
2881 1238 3001 1281 nos
3048 1222 3253 1281 teneri

793 1324 1077 1386 Hamoni
1117 1324 1196 1385 de
1239 1325 1302 1386 la
1342 1325 1559 1396 Barre,
1603 1342 1718 1404 pro
1760 1324 2052 1402 homagio
2092 1332 2158 1386 et
2200 1324 2461 1386 servicio
2502 1344 2639 1398 suo,
2669 1324 2736 1386 in
2772 1326 2995 1403 viginti
3036 1326 3257 1388 solidis

791 1430 988 1491 annui
1039 1429 1340 1503 redditus,
1384 1429 1757 1509 recipiendis
1807 1430 2137 1491 annuatim
2183 1430 2260 1490 de
2310 1430 2575 1491 Camers.
2624 1436 2841 1492 nostra
2886 1430 2969 1491 ad
3018 1432 3255 1492 festum

797 1536 1015 1599 Sancti
1072 1536 1424 1608 Michaelis,
1475 1536 1642 1616 apud
1697 1536 2356 1608 westmonasterium,
2414 1536 2493 1597 ad
2546 1542 2749 1597 totam
2802 1538 2999 1598 vitam
3053 1538 3256 1617 ipsius

791 1642 1126 1703 Hamonis.
1213 1642 1294 1701 In
1333 1642 1516 1720 cujus
1557 1640 1666 1714 rei,
1707 1648 1827 1702 etc.
1915 1641 2155 1703 Datum
2198 1642 2564 1715 Londoniis,
2601 1642 2701 1703 die
2743 1642 2923 1705 Lune
2963 1644 3259 1723 proxima

789 1744 936 1819 post
995 1739 1226 1799 festum
1286 1738 1584 1800 Omnium
1644 1740 2041 1812 Sanctorum,
2090 1758 2259 1799 anno
2308 1740 2480 1817 regni
2529 1740 2717 1819 Regis
2764 1740 3090 1813 Edwardi,
3139 1742 3257 1801 filii

791 1848 983 1926 Regis
1026 1847 1307 1918 Henrici,
1353 1847 1564 1907 tercie.
1649 1847 1893 1907 Eodem
1942 1847 2129 1908 modo
2168 1852 2419 1908 tenetur
2462 1847 2664 1907 Alano
2700 1846 2777 1907 de
2816 1847 3257 1927 Walkynham

791 1945 860 2005 in
908 1944 1320 2025 quadraginta
1368 1945 1623 2016 solidis;
1693 1944 2001 2006 Willelmo
2042 1944 2121 2005 ds
2172 1945 2386 2005 Stowa
2438 1944 2503 2005 in
2544 1944 2764 2023 viginti
2804 1944 3060 2017 solidis;
3120 1946 3257 2006 Ade

789 2042 869 2105 de
935 2042 1210 2102 Arderne
1270 2041 1336 2101 in
1403 2041 1626 2119 vigInti
1689 2040 1943 2113 solidis;
2008 2041 2049 2102 J
2051 2041 2285 2103 ohanni
2348 2041 2426 2102 de
2490 2040 2837 2102 Houhtone
2898 2042 2967 2101 in
3030 2043 3257 2121 viginti

791 2139 1027 2211 solidis,
1073 2138 1192 2200 sub
1243 2139 1466 2200 eadem
1515 2138 1682 2199 data.

793 2318 960 2398 Copy
1021 2319 1094 2397 of
1146 2318 1242 2378 the
1290 2317 1576 2397 Bishop’s
1640 2318 1899 2378 Charter
1952 2318 2240 2396 qrantinq
2299 2319 2396 2379 the
2442 2318 2667 2396 villaqe
2712 2320 2782 2398 os
2832 2318 3138 2379 Shelwick
3193 2328 3253 2380 to

1039 2399 1137 2459 the
1193 2406 1432 2459 tenant-5
1469 2400 1578 2477 for
1626 2399 1724 2459 the
1775 2406 1925 2458 term
1972 2400 2042 2477 os
2086 2399 2181 2459 his
2234 2399 2358 2477 life,
2406 2399 2561 2458 with
2612 2400 2787 2459 lamis
2837 2407 2902 2459 at
2952 2401 3253 2490 Kipqsley

1035 2480 1162 2540 and
1219 2479 1488 2557 Waloaey,
1526 2481 1634 2558 sor
1682 2484 1822 2541 ³830
1867 2484 1956 2540 1s.
2002 2480 2102 2539 4d.
2152 2479 2382 2557 yearly,
2424 2480 2577 2540 with
2623 2480 2723 2540 the
2767 2481 3143 2541 reservation
3188 2482 3261 2561 of

1031 2582 1073 2621 a
1129 2560 1282 2631 mill,
1347 2581 1388 2620 a
1445 2560 1730 2631 meadow,
1789 2561 1918 2620 and
1978 2562 2046 2639 of
2098 2560 2189 2620 all
2244 2561 2341 2620 the
2378 2560 2535 2639 fines
2586 2560 2713 2621 and
2770 2560 2867 2621 tlae
2916 2562 3145 2622 herici-3
3188 2563 3261 2642 of

1019 2608 1411 2721 frecholc’lch,
1474 2641 1600 2700 and
1657 2642 1728 2719 os
1761 2642 1891 2720 sees
1954 2642 2125 2701 when
2190 2642 2287 2702 the
2346 2642 2675 2719 daughters
2734 2643 2805 2721 os
2854 2642 2951 2703 the
3008 2650 3249 2704 tonante

1029 2722 1300 2783 married
1355 2722 1594 2782 outa-ide
1649 2722 1747 2782 the
1801 2742 2031 2783 τηαηον.

950 2851 1168 2913 ciam
1202 2868 1288 2911 nn
1331 2850 1654 2913 Samum.
1664 2852 2051 2913 —Omnibus
2085 2850 2319 2913 Christi
2348 2852 2637 2914 fidelibus
2678 2854 2762 2915 ad
2797 2873 2955 2934 quos
2988 2873 3249 2932 presens

787 2926 1094 3038 scriptum
1143 2960 1514 3038 pervenerit,
1559 2958 1859 3031 Thomas,
1904 2969 2023 3019 etc.
2129 2960 2391 3020 Noverit
2441 2960 2820 3021 universitas
2868 2967 3083 3022 vestra
3130 2979 3249 3023 nos

783 3065 1169 3126 concessisse
1251 3071 1314 3124 et
1399 3062 1757 3136 tradidisse,
1840 3065 2131 3125 omnibus
2214 3065 2435 3126 diebus
2522 3066 2648 3126 vite
2730 3071 2963 3137 nostre,
3034 3067 3247 3145 probis

782 3169 1142 3231 hominibus
1199 3169 1431 3230 nostris
1487 3169 1565 3230 de
1623 3169 1910 3249 Selwyke
1958 3175 2158 3230 totam
2214 3171 2423 3232 villam
2478 3179 2761 3231 nostram
2819 3171 2896 3231 de
2956 3171 3245 3244 Selwike,

783 3295 930 3337 cum
1013 3275 1302 3337 omnibus
1383 3275 1786 3355 pertinenciis
1856 3277 2007 3347 suis,
2092 3276 2267 3336 salvo
2344 3275 2524 3337 nobis
2602 3276 2960 3337 molendino
3030 3283 3250 3338 nostro

779 3381 860 3444 de
935 3382 1365 3461 Luggebruge,
1449 3387 1514 3442 et
1597 3387 1780 3460 prato
1862 3390 2079 3442 nostro
2154 3381 2321 3462 quod
2404 3381 2760 3460 pertinebat
2840 3383 2921 3442 ad
3004 3381 3249 3443 dictum

781 3488 1133 3549 manerium
1215 3493 1504 3548 nostrum
1583 3487 1660 3548 de
1743 3487 2031 3559 Selwike,
2120 3487 2288 3568 quod
2369 3487 2539 3565 jacet
2620 3487 2789 3548 inter
2884 3487 2982 3547 La
3064 3489 3249 3550 Pulle

779 3599 844 3656 et
921 3592 1214 3666 Reshale,
1287 3613 1409 3674 que
1485 3593 1833 3654 retinemus
1900 3593 1983 3653 ad
2057 3611 2216 3672 opus
2293 3599 2623 3666 nostrum;
2706 3595 2802 3654 ita
2858 3593 3028 3674 quod
3089 3595 3247 3654 dicti

781 3699 1070 3760 homines
1111 3698 1309 3760 nostri
1350 3697 1430 3759 de
1479 3698 1743 3759 Selwike
1792 3698 2023 3759 debent
2066 3699 2293 3761 levare¹
2334 3699 2665 3760 annuatim
2706 3699 2945 3760 dictum
2985 3709 3245 3779 pratum

781 3813 847 3868 et
906 3825 1034 3866 non
1089 3803 1358 3878 faloar03
1431 3811 1494 3864 et
1554 3824 1668 3865 nos
1723 3805 2116 3866 inveniemus
2172 3805 2361 3866 boves
2414 3812 2666 3866 nostros
2722 3805 2805 3867 ad
2858 3806 3245 3867 trahendum

781 3911 1020 3974 dictum
1075 3917 1327 3988 pratum
1391 3928 1534 3970 cum
1595 3909 1784 3970 fuerit
1842 3910 2237 3971 adunatum?
2336 3911 2739 3972 Retinuimus
2800 3913 3000 3972 eciam
3060 3911 3246 3974 nobis

780 4035 1001 4080 omnes
1055 4015 1212 4076 fines
1267 4021 1430 4076 terre
1485 4021 1550 4076 et
1613 4015 1827 4076 omnia
1883 4015 2114 4096 placita
2172 4016 2467 4096 capitalia
2522 4035 2643 4096 que
2696 4018 3099 4096 pertinebant
3160 4019 3247 4078 ad

780 4123 1231 4186 vicecomitem
1282 4127 1622 4202 antequam
1673 4122 1962 4183 Ecclesia
2012 4123 2495 4184 Herefordensis
2542 4123 2804 4184 haberet
2859 4124 3242 4185 libertatem.

779 4228 1221 4292 Concessimus
1263 4229 1460 4289 eciam
1504 4228 1801 4307 predictis
1853 4226 2213 4290 hominibus
2255 4229 2487 4290 nostris
2530 4230 2742 4291 omnia
2782 4229 3053 4290 herietta
3094 4249 3244 4291 con-

777 4335 1370 4406 suetudinariorum,
1432 4337 1695 4395 retentis
1765 4335 1945 4396 nobis
2016 4335 2303 4397 heriettis
2372 4336 2709 4398 liberorum
2770 4336 3101 4397 hominum
3173 4337 3243 4398 in

777 4441 998 4502 eodem
1046 4440 1347 4502 manerio.
1453 4441 1748 4501 Preterea
1797 4442 2223 4502 concessimus
2270 4441 2507 4503 eisdem
2558 4442 2917 4503 hominibus
2967 4443 3135 4523 quod
3184 4445 3240 4504 si

775 4547 1004 4627 aliquis
1047 4545 1310 4606 voluerit
1351 4547 1645 4607 maritare
1693 4547 1886 4606 filiam
1937 4565 2119 4607 suam
2170 4566 2357 4626 super
2406 4547 2659 4608 feodum
2710 4554 3017 4620 nostrum,
3072 4549 3241 4629 quod

775 4671 916 4715 eam
976 4651 1227 4711 maritet
1286 4651 1420 4712 sine
1485 4651 1649 4711 dono
1709 4652 1940 4731 alique,
1990 4661 2055 4713 et
2114 4653 2169 4714 si
2228 4659 2409 4714 extra
2458 4653 2711 4714 feodum
2758 4659 3044 4714 nostrum
3098 4674 3239 4716 eam

775 4759 1073 4820 maritare
1113 4757 1380 4818 voluerit
1425 4763 1595 4818 emat
1646 4777 1783 4818 eam
1836 4779 1874 4819 a
1923 4758 2101 4819 nobis
2152 4759 2250 4820 vel
2301 4780 2339 4821 a
2386 4759 2633 4821 ballivis
2686 4760 2937 4821 nostris.
3044 4761 3132 4820 Et
3180 4761 3231 4822 si

903 4870 1067 4910 l-For
1106 4868 1266 4909 araable
1305 4868 1414 4910 land
1457 4863 1536 4909 to
1579 4868 1653 4916 plo
1655 4868 1781 4915 ulgh
1830 4869 1890 4910 bu
1894 4873 1913 4910 t
1960 4874 2013 4910 to
2060 4881 2259 4910 manure
2304 4881 2359 4910 or
2404 4870 2465 4910 do
2510 4870 2648 4912 other
2692 4869 2825 4912 work
2855 4882 2917 4911 on
2963 4882 2993 4912 a
3028 4871 3243 4914 meadow

777 4919 1052 4962 besor-etue
1086 4919 1317 4964 hasywa
1351 4922 1448 4959 cut.

899 4970 1074 5010 2—The
1111 4969 1200 5010 Lor
1201 4969 1230 5008 d
1263 4981 1370 5010 wou
1341 4968 1480 5010 ucld
1481 4979 1592 5014 arry
1627 4969 1708 5010 the
1742 4979 1855 5016 (τι-ορ
1888 4970 2025 5010 when
2060 4969 2097 5010 it
2132 4981 2208 5010 wa
2270 4968 2412 5011 mked
2445 4970 2677 5016 together.
