3619 5868
50 4646 152 4690 1²01.
177 4643 268 4693 oeb.

1164 497 1465 579 Episcopi
1516 498 2000 579 Herefordensis.
2695 502 2814 562 285

349 723 615 783 duorum
672 743 747 783 ex
813 724 921 793 eis,
995 724 1427 795 citacionibus,
1502 725 1996 795 cohercionibus,
2068 726 2400 805 preceptis,
2474 726 2812 787 sentenciis

348 834 411 889 et
466 829 733 889 decretis
791 828 857 889 in
915 829 1195 909 qualibet
1252 836 1450 907 parte,
1510 829 1787 909 quolibet
1848 831 2111 890 articulo
2176 839 2238 891 et
2307 840 2543 911 puncto
2611 832 2812 911 ipsius

348 934 656 995 examinis
727 943 791 995 et
861 934 1098 995 arbitrii
1168 934 1574 1015 adquiescent
1634 936 1889 1013 penitus
1949 944 2012 995 et
2071 936 2416 1014 parebunt;
2489 945 2812 997 reservata

350 1059 597 1118 semper
654 1044 966 1117 potestate
1024 1039 1260 1101 eisdem
1323 1039 1655 1118 Episcopis
1712 1040 1850 1099 loco
1908 1041 2350 1101 decedencium
2409 1042 2807 1113 arbitrorum,

350 1164 461 1206 seu
512 1145 636 1205 alia
686 1164 879 1205 causa
922 1144 1231 1223 legittima
1272 1144 1715 1223 impeditorum
1765 1145 2102 1226 quominus
2148 1146 2472 1206 arbitrium
2516 1146 2809 1225 expedire

347 1254 603 1313 valeant
638 1258 1073 1323 memoratum,
1106 1252 1529 1313 substituendi
1572 1253 1726 1313 alios
1768 1272 1927 1333 quos
1968 1252 2262 1314 duxerint
2303 1253 2640 1333 eligendos.
2727 1253 2810 1313 In

347 1358 513 1418 hanc
549 1357 814 1417 formam
850 1356 1090 1417 arbitrii
1128 1358 1654 1435 compromissarii
1688 1356 1952 1437 sepefati
1991 1358 2289 1437 Episcopi
2328 1369 2804 1430 consenserunt,

345 1462 787 1543 promittentes
844 1482 956 1542 per
1014 1462 1494 1541 stipulacionem
1552 1463 1897 1541 legitimam
1961 1482 2029 1524 se
2090 1470 2534 1542 procuraturos
2603 1465 2810 1543 ipsam

344 1570 717 1630 communiri
762 1568 1193 1648 Capitulorum
1237 1588 1491 1629 suorum
1534 1569 1771 1647 sigillis,
1817 1570 2324 1651 integraliterque
2367 1570 2803 1630 observaturos

345 1676 511 1736 bona
563 1676 705 1745 fide,
758 1676 993 1755 absque
1047 1675 1211 1747 dolo,
1265 1675 1501 1746 fraude,
1554 1681 1616 1735 et
1674 1676 1942 1753 ingeni0,
1988 1676 2202 1735 omnia
2251 1680 2314 1735 et
2365 1675 2609 1754 singula
2657 1695 2802 1736 con-

344 1789 519 1843 tenta
568 1784 631 1841 in
682 1802 758 1842 ea
805 1783 1055 1861 pariter,
1107 1788 1171 1841 et
1219 1782 1389 1862 quod
1430 1802 1506 1841 ea
1552 1781 1756 1842 modis
1798 1781 2089 1842 omnibus
2131 1782 2264 1843 fieri
2307 1790 2370 1841 et
2410 1781 2623 1860 perfici
2664 1800 2804 1860 pro·

344 1888 673 1960 curabunt,
728 1888 843 1949 sub
890 1908 1056 1967 pena
1104 1896 1359 1948 centum
1409 1888 1710 1948 librarum
1753 1908 1789 1948 a
1832 1895 2011 1966 parte
2060 1907 2187 1949 non
2237 1893 2631 1967 procurante,
2677 1907 2805 1947 non

344 1993 734 2065 observante,
781 2013 893 2054 seu
935 2012 1061 2053 non
1103 2000 1381 2072 parente,
1414 1992 1851 2053 solvendarum
1896 1993 2062 2072 parti
2104 1994 2484 2053 contrarium
2529 1993 2805 2053 facienti.

344 2102 433 2161 Et
491 2102 545 2161 si
600 2101 941 2179 contingat,
991 2100 1157 2180 quod
1216 2100 1397 2171 absit,
1448 2100 1565 2160 hec
1620 2100 1946 2178 premissa.
1999 2106 2107 2160 aut
2164 2119 2382 2160 eorum
2437 2100 2666 2181 aliqua,
2711 2100 2806 2161 ita

343 2227 469 2269 non
527 2207 679 2278 fieri,
728 2212 797 2267 ut
854 2206 934 2267 ob
988 2207 1109 2267 hoc
1158 2225 1269 2285 per
1317 2206 1568 2267 eosdem
1620 2216 1748 2267 tres
1799 2206 2087 2279 arbitros,
2133 2212 2244 2267 aut
2302 2206 2459 2267 duos
2509 2226 2584 2267 ex
2628 2206 2802 2286 ipsiS,

341 2314 541 2373 eciam
583 2314 1085 2393 quandocunque
1127 2323 1270 2392 post
1312 2313 1605 2373 ultimum
1648 2312 1816 2373 diem
1859 2313 2116 2373 finiendi
2159 2313 2396 2373 arbitrii
2454 2333 2617 2391 pena
2659 2332 2798 2392 pro-

340 2422 675 2480 nuncietur
730 2439 841 2480 seu
896 2419 1141 2480 dicatur
1195 2420 1548 2491 commissa,
1594 2418 1670 2479 lis
1720 2419 2017 2479 inchoata
2072 2438 2284 2479 coram
2344 2419 2557 2480 Priore
2616 2419 2801 2480 Beati

342 2524 621 2586 Oswaldi
663 2526 728 2585 in
773 2525 1167 2586 Gloucestria
1209 2544 1323 2585 suo
1371 2525 1575 2585 Marte
1617 2525 1926 2595 decurrat,
1972 2531 2035 2587 et
2080 2525 2298 2586 eedem
2340 2532 2553 2604 partes
2594 2544 2805 2586 coram

342 2632 563 2693 eodem
606 2632 840 2703 Priore,
871 2634 937 2691 in
982 2650 1095 2692 suo
1135 2632 1446 2704 Prioratu,
1479 2632 1672 2692 tercio
1714 2632 1814 2691 die
1855 2631 2120 2710 juridico
2161 2638 2306 2711 post
2341 2631 2508 2691 diem
2541 2631 2802 2691 finiendi

344 2738 584 2800 arbitrii
643 2758 1009 2817 expressum
1070 2739 1356 2816 superius
1414 2743 1837 2817 compareant,
1903 2738 2255 2815 processuri
2317 2742 2501 2815 prout
2561 2736 2805 2814 justum

341 2844 529 2905 fuerit
587 2844 653 2903 in
709 2843 967 2915 eadem;
1031 2843 1277 2903 salvum
1334 2849 1549 2904 tamen
1606 2844 1688 2904 sit
1730 2844 1896 2922 parti
1940 2843 2194 2903 Domini
2241 2843 2613 2905 Assavensis
2657 2843 2807 2922 Epi-

340 2951 511 3031 scopi
555 2951 693 3024 hoc,
748 2951 914 3032 quod
970 2951 1122 3012 dicit
1174 2969 1240 3011 se
1288 2971 1414 3010 non
1464 2951 1819 3011 consentire
1867 2952 1932 3011 in
1982 2951 2168 3023 diem,
2215 2951 2475 3030 judiceS,
2528 2957 2592 3012 et
2651 2952 2804 3013 loca.

341 3057 419 3117 In
477 3058 659 3137 cujus
712 3058 803 3118 rei
861 3057 1312 3129 testimonium,
1372 3057 1562 3135 hujus
1617 3057 2044 3129 instrumenti,
2097 3057 2365 3118 coniecti
2423 3057 2488 3116 in
2545 3056 2804 3117 modum

341 3162 730 3242 cyrographi,
764 3183 892 3224 una
930 3182 1078 3242 pars
1121 3163 1325 3240 sigilla
1369 3161 1621 3222 Domini
1666 3162 1965 3241 Episcopi
2009 3163 2380 3223 Assavensis
2423 3168 2484 3222 et
2529 3162 2805 3240 Capituli

342 3269 462 3330 loci
517 3270 823 3349 ejusdem,
882 3289 1125 3330 necnon
1180 3267 1573 3330 Venerabilis
1621 3269 1830 3328 Patris
1883 3268 2136 3328 Domini
2192 3269 2269 3330 W
2291 3268 2553 3347 [illelmi]
2578 3315 2592 3341 ,
2648 3269 2810 3329 Nor-

342 3377 651 3456 wycensis
686 3375 1003 3455 Episcopi,
1035 3375 1319 3454 magistri
1354 3375 1592 3434 Thome
1625 3374 1819 3445 Beke,
1856 3373 2256 3435 Thesaurarii
2297 3375 2552 3435 Domini
2593 3374 2803 3453 Regis,

341 3481 576 3542 Prioris
638 3481 1046 3542 Provincialis
1106 3481 1336 3559 prefati
1394 3480 1611 3559 sigillis
1669 3480 1920 3559 signata
1977 3485 2261 3540 remanet
2319 3497 2515 3558 penes
2566 3479 2807 3540 dictum

342 3587 871 3648 Herefordensem
942 3587 1352 3666 Episcopum.
1425 3594 1488 3646 et
1558 3585 1756 3646 altera
1824 3605 1968 3664 pars
2038 3585 2256 3664 sigillis
2326 3585 2478 3645 dicti
2549 3586 2808 3645 Domini

342 3693 640 3773 Episcopi
684 3692 1167 3754 Herefordensis
1212 3699 1275 3752 et
1319 3691 1595 3770 Capituli
1644 3691 1762 3752 loci
1808 3690 2094 3769 ejusdem
2138 3691 2405 3769 signata,
2453 3710 2696 3751 necnon
2740 3702 2804 3751 et

343 3799 736 3861 Venerabilis
807 3799 1065 3859 Domini
1138 3797 1499 3876 W[illelmi]
1524 3844 1537 3868 ,
1612 3797 2052 3876 Norwycensis
2130 3797 2447 3875 Episcopi,
2522 3797 2802 3876 magistri

344 3905 583 3966 Thome
626 3905 819 3976 Beke,
864 3903 1261 3966 Thesaurarii
1307 3903 1561 3964 Domini
1605 3902 1813 3981 Regis,
1845 3909 1908 3963 et
1951 3903 2186 3963 Prioris
2216 3904 2628 3964 Provincialis
2669 3923 2805 3982 pre·

343 4009 462 4071 fati
504 4011 757 4090 signata
798 4017 1125 4070 remaneat
1168 4029 1361 4088 penes
1402 4009 1642 4068 dictum
1687 4009 2029 4069 Dominum
2075 4011 2510 4070 Assavensem.

347 4270 499 4348 Juzy
540 4269 895 4332 23.-Jo}m
933 4269 1002 4348 of
1054 4268 1378 4346 Salisbury
1425 4269 1551 4328 and
1598 4267 1826 4329 Robert
1871 4268 1942 4328 de
1993 4269 2057 4328 la
2105 4269 2306 4330 Grave
2336 4288 2442 4330 are
2469 4270 2803 4349 appointed

586 4351 871 4492 ggpgors
915 4357 973 4412 to
1010 4357 1319 4430 represent
1359 4349 1457 4411 the
1499 4349 1732 4428 Bishop
1777 4348 1972 4414 before
2019 4349 2116 4410 the
2167 4349 2542 4412 Arbitrators
2581 4352 2802 4412 named

506 4590 1063 4649 Pnoomu‘romtm
1133 4606 1219 4648 AD
1289 4605 1455 4648 mnu
1525 4588 2194 4648 sacomam-Pateat
2265 4587 2572 4648 universis
2641 4589 2808 4668 quod

344 4714 478 4767 nos,
524 4695 821 4766 Thomas,
853 4693 1261 4754 miseracione
1304 4693 1515 4753 divina
1559 4692 2040 4753 Herefordensis
2085 4693 2456 4771 Episcopus,
2501 4695 2566 4753 in
2610 4713 2805 4756 causa

346 4801 586 4863 arbitrii
628 4800 1155 4879 compromissarii
1198 4819 1321 4880 que
1361 4800 1527 4860 inter
1570 4818 1705 4871 nos,
1750 4819 1826 4859 ex
1870 4806 2051 4877 parte
2092 4817 2240 4871 una,
2273 4806 2336 4859 et
2368 4799 2803 4861 Venerabilem

349 4909 607 4968 Patrem
648 4905 995 4967 Dominum
1037 4907 1455 4968 Assavensem
1488 4905 1896 4985 Episcopum,
1927 4924 2136 4966 coram
2171 4907 2472 4985 magistro
2506 4907 2807 4987 Gregorio
